2706 4208
108 43 316 165 (limas
336 47 480 155 tatia
504 56 871 263 rATZochs‘ney
886 47 1129 170 <tuimur
1231 172 1235 176 ¹

111 175 396 270 bitumen,
416 185 520 245 muel
551 165 828 277 ΝΛΜ
861 161 980 228 (ΜΗ
1002 147 1151 220 ΜΝ
1187 156 1229 206 'T
1242 168 1264 205 V

44 412 49 421 .
102 271 204 422 Q*
222 267 382 406 *ludw-
414 320 575 376 ECLOGA
608 318 651 377 [J.
678 311 841 376 16-111.
869 330 916 388 14.
1166 319 1204 388 25

155 482 197 540 sic
217 483 328 557 positae
350 484 489 560 quoniam
510 501 613 542 suaves
634 482 759 541 miscetis
781 483 894 540 odores.
1082 465 1087 474 ’
1173 501 1203 550 55

156 570 293 630 Rusticus
314 590 354 642 eS,
376 571 532 649 Corydon:
562 590 617 630 nec
639 589 760 629 munera
782 583 862 629 curat
882 571 991 640 AlexiS,

155 677 219 728 nec,
242 662 265 718 si
286 662 454 719 muneribus
475 670 578 730 certes,
599 661 740 719 concedat
761 659 858 718 Iollas.
922 701 924 704 -

156 747 225 806 Heu
245 749 321 807 heul
364 749 443 821 Quid
465 750 542 808 volui
562 750 669 808 misero
692 749 778 808 mihil
821 748 952 807 Floribus
964 754 1103 806 *austrum

58 844 62 858 “
119 830 121 840 '
155 837 283 911 perditus
304 850 332 897 et
354 838 466 915 liquidis
486 839 592 896 immisi
613 838 742 896 fontibus
763 856 858 914 apros,

156 924 254 995 Quem
276 926 359 1003 fugis
381 927 427 997 ah,
449 927 588 985 demens?
617 927 780 985 habitarunt
802 928 830 986 di
851 943 969 1003 quoque
990 925 1078 985 silvasv
1172 932 1203 979 60

155 1013 376 1092 Dardaniusque
398 1016 485 1074 Paris.
530 1016 624 1075 Pallas
646 1016 869 1092 quascondidit
890 1033 971 1073 arces
1047 1064 1050 1074 .

155 1102 218 1177 ipsa
238 1104 331 1163 colat:
360 1105 445 1162 nobis
465 1105 598 1180 placeant
620 1094 686 1163 ante
708 1094 807 1163 omnia
828 1105 923 1163 silvae.

157 1190 255 1250 Torva
268 1187 378 1275 'leaena
397 1193 504 1268 lupum,
520 1195 655 1270 sequitur,
676 1193 760 1269 lupus
781 1195 844 1270 ipse
865 1192 1015 1270 capellam,

97 1299 98 1304 ¹
157 1279 307 1339 florentem
329 1282 450 1357 cytisum
472 1283 598 1358 sequitur
619 1283 725 1341 lasciva'
746 1282 864 1358 capella,

157 1378 185 1425 te
207 1368 354 1446 Corydon,
377 1389 396 1429 o
417 1371 520 1429 Alexi:
549 1371 635 1430 trahit
656 1389 875 1447 sua'quemque
896 1369 1035 1445 voluptas
1173 1375 1203 1437 ⁶5

135 1521 136 1525 ,
156 1459 273 1534 Aspice,
295 1470 388 1518 aratra
408 1459 478 1534 iugo
498 1460 626 1519 referunt
647 1478 788 1536 suspensa
808 1460 929 1530 iuvenci,

157 1556 185 1607 et
208 1551 252 1609 sol
273 1558 435 1608 crescentes
457 1548 601 1609 decedens
623 1549 751 1625 duplicat
770 1551 904 1608 umbras:

156 1659 205 1699 me
226 1651 324 1698 tamen
345 1639 400 1696 urit
421 1656 523 1696 amor:
551 1640 615 1715 quis
637 1640 714 1697 enim
736 1640 842 1698 modus
864 1639 936 1696 adsit
956 1637 1066 1696 amori?

148 1708 205 1790 (Ah
226 1729 365 1805 Corydon
387 1725 535 1800 Corydon,
557 1746 632 1802 quae
654 1739 682 1785 te
705 1720 851 1786 dementia
872 1706 987 1810 cepit?)

160 1820 336 1894 Semiputata
356 1817 408 1874 tibi
428 1814 566 1875 frondosa
586 1818 649 1875 vitis
670 1817 708 1897 in,
721 1818 801 1875 ulmo
822 1826 874 1875 est.
1175 1837 1205 1881 50

158 1908 238 1980 Quin
258 1918 289 1965 tu
311 1897 418 1982 aliquid
440 1906 540 1965 saltem
561 1907 666 1982 potius,
687 1924 812 1982 quorum
834 1905 944 1982 indiget
963 1923 1042 1974 usus,

157 1998 312 2055 viminibus
332 1997 470 2072 mollique
491 2014 574 2071 paras
596 1997 729 2054 detexere
750 1995 857 2052 iunco?

158 2086 287 2144 invenies
307 2085 404 2158 alium,
426 2086 450 2144 si
471 2095 499 2144 te
520 2085 567 2145 hic
588 2084 704 2154 fastidit,
726 2084 859 2142 Alexim!

526 2361 747 2427 ECLOGA
782 2361 844 2423 111.
924 2434 926 2439 ,

343 2550 515 2612 Mauricas.
596 2550 769 2610 Daunum.
852 2548 1022 2608 Pannuuou.

200 2705 248 2768 M.
269 2705 326 2767 D1c
348 2707 426 2778 mihi,
448 2707 600 2777 Damoeta,
622 2707 720 2765 cuium
741 2707 850 2781 pecus?
879 2724 918 2764 an
938 2705 1097 2764 Meliboei?

200 2795 241 2854 D.
264 2795 342 2862 Non,
364 2814 464 2854 vemm
484 2797 630 2872 Aegonis,
659 2815 751 2872 nuper
771 2795 841 2852 mihi
862 2794 976 2852 tradidit
997 2795 1110 2870 Aegon.

201 2887 248 2944 M.
270 2886 373 2944 Infelix
394 2904 412 2944 o
435 2905 550 2963 semper
569 2905 638 2945 oves
659 2887 765 2962 pecusl
795 2885 859 2960 ipse
880 2883 1024 2942 Neaeram

162 2976 231 3034 dum
253 2975 330 3033 fovet
351 2995 385 3034 ac
406 2994 444 3033 ne
464 2994 512 3034 me
532 2977 587 3034 sibi
607 2975 748 3052 praeferat
768 2975 815 3032 illa
835 2977 965 3044 veretur,

98 3056 101 3065 '
161 3065 208 3135 hic
229 3065 339 3124 alienus
360 3083 431 3124 oves
452 3077 551 3125 custos
571 3066 616 3124 bis
637 3065 747 3140 mulget
768 3065 799 3120 in
820 3063 899 3132 hora,

101 3204 106 3211 .
162 3165 190 3213 et
211 3173 297 3213 sucus
318 3155 417 3230 pecori
437 3164 466 3213 et
487 3155 532 3213 lac
553 3155 720 3213 subducitur
739 3154 831 3228 agnis.

134 3228 142 3267 *
202 3243 243 3302 D.
264 3243 383 3302 Parcius
403 3244 457 3302 ista
477 3244 543 3302 viris
565 3253 662 3301 tamen
682 3241 845 3300 obiicienda
865 3254 1022 3302 memento.

134 3366 140 3409 ;
162 3332 306 3392 Novimus
327 3341 356 3391 et
377 3333 427 3408 qui
448 3342 476 3391 te
497 3343 658 3395 transversa
678 3331 824 3388 tuentibus
845 3330 937 3399 hircis,

58 3480 61 3484 .
132 3484 145 3516 r
162 3435 191 3480 et
212 3423 365 3500 quo—sed
387 3410 484 3481 faciles
505 3420 661 3498 Nymphae
682 3418 926 3477 risere-sacello.

203 3511 251 3572 M.
273 3513 361 3583 Tum,
383 3511 480 3581 credo,
502 3529 569 3569 eum
589 3527 637 3567 me
658 3509 808 3566 arbustum
828 3509 923 3566 videre
945 3507 1073 3567 Miconis
1182 3535 1208 3566 ιο

163 3611 248 3678 atque
270 3601 352 3675 mala,
366 3601 437 3658 vites
458 3599 584 3657 incidere
606 3597 678 3656 falce
699 3596 834 3654 novellas.

202 3688 242 3747 D.
266 3689 325 3746 Aut
345 3689 392 3747 hic
413 3688 451 3746 ad
470 3698 581 3763 veteres
602 3687 685 3762 fagos
707 3704 774 3745 cum
795 3685 958 3762 Daphnidis
978 3703 1077 3743 arcum

40 3808 54 3842 1
163 3777 271 3859 fregisti
292 3785 321 3834 et
342 3776 486 3835 calamos:
516 3795 591 3852 quae
611 3786 651 3845 tu,
672 3793 806 3851 perverse
827 3773 970 3843 Menalca,

163 3878 192 3926 et
213 3884 280 3926 cum
302 3866 396 3924 vidisti
416 3884 507 3943 puero
528 3867 644 3937 donata,
665 3864 796 3936 dolebas,
829 3913 833 3922 .
