2706 4208
98 127 142 193 30
521 122 735 180 aucorrcA.

38 354 40 358 Α
99 300 154 341 nec
175 281 275 354 linus,
295 282 362 342 huic
382 291 474 342 mater
494 285 625 360 quamvis
646 294 732 361 atque
753 283 821 345 huic
841 295 923 363 pater
943 287 1025 361 adsit,

100 369 210 447 Orphei
230 371 388 465 Calliopea,
410 372 522 431 Linos
508 373 653 433 formosus
674 375 791 451 Apollo.
1101 369 1104 378 ’

99 458 162 517 Pan
183 438 279 531 etiam,
300 461 425 520 Arcadia
446 480 561 520 mecum
582 463 607 521 si
627 464 721 523 iudice
742 474 838 537 certet,

100 549 162 607 Pan
182 550 269 607 etiam
290 551 414 609 Arcadia
435 552 511 610 dicat
532 570 564 610 se
583 553 692 612 iudice
698 555 814 614 victum.
879 580 880 583 ¹

99 637 209 714 Incipe,
229 658 316 715 parve
337 659 416 716 puer,
437 642 496 700 risu
517 659 696 717 cognoscere
716 654 856 716 matrem;

99 729 184 785 matri
204 728 293 804 longa
313 729 424 788 decem
437 730 563 789 tulerunt
584 730 698 791 fastidia
717 750 844 792 menses.

7 823 9 828 '
99 816 209 892 Incipe,
230 836 318 892 parve
338 814 428 894 puer:
459 818 504 878 cui
524 837 585 878 non
605 820 694 879 risere
714 832 858 898 parentes,

99 923 153 983 nec
174 907 247 965 deus
266 906 344 966 hunc
364 927 474 982 mensa,
495 909 550 968 dea
570 927 626 969 nec
647 909 766 986 dignata
785 911 873 970 cubili
893 923 946 971 est.
967 907 981 982 ἲ

407 1202 409 1206 ”
477 1199 696 1266 ECLOGA
725 1200 767 1266 V.

432 1385 603 1448 Maraccas.
686 1387 816 1450 Morsus.

138 1545 198 1604 Me.
220 1544 287 1605 Cur
308 1561 378 1616 non,
400 1542 517 1620 Mopse,
538 1544 609 1604 boni
630 1546 771 1622 quoniam
792 1547 981 1644 convenimus
1000 1548 1098 1620 ambo,

97 1645 128 1692 tu
149 1636 276 1695 calamos
296 1634 395 1692 inflare
416 1634 502 1705 leves,
524 1653 580 1711 ego
602 1636 697 1694 dicere
717 1654 824 1708 versus

97 1724 143 1784 hic
165 1725 268 1800 corylis
289 1724 394 1782 mixtas
412 1724 490 1786 inter
510 1725 696 1784 consedimus
717 1725 832 1784 ulmos?

136 1811 198 1872 Mo.
221 1813 270 1872 Tu
290 1813 399 1885 maior;
427 1807 478 1878 tibi
499 1831 546 1871 me
567 1825 611 1872 est
631 1831 757 1889 aequum
777 1832 887 1889 parere,
909 1813 1055 1887 Menalca,

97 1903 156 1963 sive
177 1904 230 1962 sub
251 1903 375 1961 incertas
398 1901 536 1978 Zephyris
557 1903 736 1961 motantibus
756 1905 882 1973 umbras,
1129 1927 1144 1976 5

97 1993 155 2050 sive
176 2001 260 2051 antro
281 1993 380 2068 potius
400 1991 591 2051 succedimus.
635 1991 753 2067 Aspice,
774 2000 806 2050 ut
827 2003 941 2052 antrum

67 2135 69 2140 .
96 2081 230 2140 silvestris
251 2081 321 2138 raris
342 2081 445 2157 sparsit
465 2081 598 2149 labrusca
617 2081 749 2140 racemis

135 2168 195 2229 Me.
217 2169 368 2228 Montibus
389 2170 420 2227 in
440 2170 547 2228 nostris
568 2169 647 2229 solus
667 2170 719 2229 tibi
740 2178 829 2230 certat
849 2171 1001 2245 Amyntas,

135 2258 197 2317 Mo.
221 2258 310 2330 Quid,
332 2259 356 2317 si
376 2259 456 2317 idem
477 2267 565 2317 certet
586 2257 737 2318 Phoebum
758 2277 893 2335 superare
915 2257 1071 2321 cauendo?

135 2349 196 2407 Me.
217 2349 326 2424 Incipe,
349 2346 465 2424 Mopse,
487 2348 574 2423 prior,
596 2347 620 2406 si
641 2366 716 2425 quos
737 2357 787 2407 aut
806 2347 945 2424 Phyllidis
965 2347 1048 2423 ignes
1114 2370 1144 2405 10

95 2451 144 2497 aut
164 2438 285 2496 Alconis
306 2437 398 2496 habes
417 2437 517 2496 laudes
539 2447 588 2495 aut
608 2430 700 2513 iurgia
720 2437 819 2498 Codri

95 2527 214 2603 Incipe·
242 2535 395 2603 pascentes
416 2514 539 2584 servabit
560 2525 678 2602 Tityrus
698 2526 815 2585 haedos

67 2651 70 2656 ·
133 2571 314 2675 M0.⁸lmmo
335 2615 416 2684 haec,
438 2615 468 2671 in
488 2614 570 2672 viridi
591 2632 684 2691 nuper
704 2634 779 2692 quae
800 2613 907 2674 cortice
928 2612 988 2690 fagi

95 2707 223 2765 carmina
245 2705 384 2781 descripsi
405 2714 433 2762 et
454 2703 609 2762 modulans
630 2705 738 2763 alterna
758 2704 879 2777 notavi,

94 2795 231 2871 experiar.
273 2793 322 2852 Tu
343 2793 449 2852 deinde
470 2793 569 2855 iubeto
591 2803 679 2853 certet
698 2794 852 2870 Amyntas·

133 2883 193 2943 Mc.
216 2883 310 2942 Lenta
331 2883 402 2941 salix
424 2892 566 2960 quantum
587 2882 705 2958 pallenti
726 2882 801 2940 cedit
821 2881 923 2953 olivae,

92 2973 224 3050 puniceis
244 2956 380 3030 humilis
380 2982 522 3048 quantum
543 2971 671 3030 saliunca
693 2972 803 3041 rosetis,

91 3062 198 3121 iudicio
220 3072 319 3120 nostro
341 3071 452 3120 tantum
473 3061 524 3118 tibi
545 3061 621 3119 cedit
642 3060 793 3149 Amyntas.

93 3151 152 3210 Sed
173 3160 203 3209 tu
225 3151 324 3208 desine
344 3150 434 3225 plura,
456 3167 545 3224 puer;
575 3149 769 3207 successimus
789 3155 882 3206 antr0.

131 3239 194 3298 Mo.
215 3239 383 3297 Extinctum
403 3238 561 3314 Nymphae
581 3237 688 3295 crudeli
708 3210 809 3294 funere
829 3234 982 3311 Daphnim
1112 3256 1143 3294 ao

91 3326 215 3396 flebant;
242 3346 294 3386 vos
315 3328 405 3426 coryli
426 3338 514 3386 testes
535 3334 564 3383 et
586 3325 706 3381 flumina
728 3321 895 3398 Nymphis;

91 3434 157 3475 curn
179 3415 333 3492 complexa
353 3414 397 3472 sui
418 3430 524 3488 corpus
544 3412 706 3471 miserabile
727 3413 787 3470 nati

92 3517 177 3580 atque
199 3506 271 3563 deos
292 3514 378 3580 atque
399 3512 474 3560 astra
494 3511 578 3559 vocat
600 3501 727 3559 crudelia
747 3511 847 3559 mater.

92 3593 163 3651 Non
184 3595 232 3651 ulli
253 3602 352 3669 pastos
368 3591 427 3648 illis
448 3609 533 3665 egere
555 3591 657 3648 diebus
1212 3654 1217 3661 ¹

91 3680 203 3756 frigida,
224 3681 351 3758 Daphni,
373 3681 463 3737 boves
483 3678 522 3737 ad
542 3677 663 3736 flumina
672 3696 682 3751 3
710 3675 789 3736 nulla
809 3693 906 3753 neque
927 3695 1044 3736 amnem
1110 3701 1141 3750 ²5
