2706 4208
135 253 174 300 22
244 316 247 321 ,
552 245 765 301 nucotrcn.

134 417 273 484 quantum
293 407 371 466 lenta
391 408 487 467 solent
507 409 582 467 inter
602 410 724 467 viburna
744 410 881 485 cupressi.

116 547 121 555 .
171 496 220 555 M.
241 490 280 557 Et
300 516 376 573 quae
395 508 475 557 tanta
495 497 548 557 fuit
570 498 699 557 Romam
719 499 770 557 tibi
790 518 880 558 causa
899 498 1041 556 videndi?

71 628 75 633 -
175 587 213 646 T.
232 587 373 657 Libertas,
393 607 470 665 quae
491 607 556 648 sera
575 599 674 646 tamen
694 590 821 665 respexit
841 590 975 657 inertem,

133 677 283 736 candidior
302 687 460 753 postquam
479 678 612 737 tondenti
632 679 724 736 barba
744 679 876 749 cadebat,

132 767 257 842 respexit
276 776 376 824 tamen
396 777 425 825 et
445 767 537 842 longo
558 777 628 842 post
648 777 781 842 tempore
801 768 889 835 venit,

133 865 289 930 postquam
310 873 366 914 nos
386 856 541 932 Amaryllis
561 855 658 926 habet,
681 855 803 914 Galatea
823 854 947 931 reliquit

132 943 278 1020 Namque,
298 943 411 1003 fatebor
431 945 519 1016 enim,
541 945 611 1003 dum
632 964 680 1003 me
701 944 824 1004 Galatea
845 945 971 1012 tenebat,

132 1051 188 1092 nec
207 1051 275 1110 spes
295 1033 433 1092 libertatis
448 1045 509 1093 erat
529 1053 585 1096 nee
605 1052 676 1092 cura
695 1033 798 1110 peculi

132 1120 274 1194 Quamvis
294 1122 385 1181 multa
404 1124 478 1182 meis
498 1124 589 1181 exiret
607 1123 725 1180 victima
746 1123 845 1199 septis,

131 1213 248 1290 pinguis
267 1223 297 1272 et
316 1214 446 1289 ingratae
465 1224 644 1290 premeretur
664 1231 766 1272 caseus
786 1213 861 1284 urbi,

131 1319 193 1362 non
213 1321 354 1380 umquam
374 1303 470 1377 gravis
490 1320 556 1360 aere
577 1303 699 1360 domum
718 1302 790 1360 mihi
811 1303 913 1362 dextra
932 1300 1052 1359 redibat

171 1390 219 1450 M.
241 1391 371 1450 Mirabar
391 1391 462 1468 quid
482 1401 594 1450 maesta
614 1392 696 1463 deos,
717 1392 865 1468 Amarylli,
886 1407 1005 1449 vocares
1016 1409 1025 1460 ;

131 1481 179 1540 cui
201 1481 328 1557 pendere
349 1498 402 1539 sua
422 1480 560 1556 patereris
581 1481 611 1539 in
632 1482 735 1539 arbore
756 1499 865 1560 poma:

131 1568 249 1647 Tityrus
268 1569 338 1628 hinc
358 1571 466 1629 aberat
509 1569 596 1645 Ipsae
617 1581 654 1640 te,
677 1570 788 1648 Tityre,
811 1570 906 1646 pinus,

130 1659 186 1736 ipsi
206 1669 234 1718 te
250 1650 359 1730 sontes,
380 1659 445 1735 ipsa
464 1658 538 1718 haec
558 1661 675 1719 arbusta
694 1662 847 1720 vocabant
981 1732 988 1744 ἱ

174 1747 206 1808 T.
228 1748 309 1821 Quid
329 1747 474 1807 lacerem?
502 1766 597 1825 neque
618 1749 733 1808 servitio
753 1767 802 1807 me
823 1745 901 1807 exire
921 1744 1025 1803 licebat

129 1847 265 1897 nectam
285 1847 453 1916 praesentes
474 1838 541 1897 alibi
562 1856 744 1916 cognoscere
765 1837 856 1897 divos.

130 1926 190 1986 Hic
209 1927 289 1986 illum
304 1926 363 1985 vidi
383 1927 525 1999 iuvenem,
549 1926 705 1998 Meliboee,
726 1927 885 2004 quotannis

128 2016 174 2076 bis
193 2034 282 2076 senos
302 2016 349 2075 cui
369 2026 469 2076 nostra
489 2015 552 2075 dies
573 2017 671 2075 altaria
690 2016 811 2076 fumant.

129 2103 189 2164 Hic
209 2105 281 2163 mihi
301 2122 475 2181 responsum
495 2106 606 2182 primus
627 2105 707 2165 dedit
726 2105 773 2163 ille
793 2104 920 2182 petenti:

129 2194 258 2254 ‘Pascite
278 2204 310 2252 ut
331 2205 398 2254 ante
418 2195 517 2267 boves,
538 2195 620 2272 pueri
632 2216 642 2254 :-
668 2195 837 2283 summittite
858 2192 976 2252 tauros?

167 2282 216 2343 M.
237 2282 395 2343 Fortunate
416 2302 515 2356 senex,
536 2302 607 2360 ergo
628 2293 679 2344 tua
698 2302 764 2342 rura
784 2283 954 2352 manebunt,

128 2383 158 2433 et
176 2374 228 2433 tibi
248 2392 358 2449 magna
378 2376 456 2447 satis,
477 2377 610 2453 quamvis
631 2376 705 2452 lapis
726 2375 826 2434 omnia
845 2373 943 2432 nudus

127 2464 291 2541 limosoque
312 2464 394 2540 palus
415 2465 542 2524 obducat
562 2483 672 2542 pascua
692 2455 796 2523 iunco:

128 2571 190 2613 non
210 2555 324 2612 insueta
343 2573 445 2632 graves
466 2556 650 2631 temptabunt
670 2554 778 2630 pabula
798 2553 880 2628 fetas,

127 2661 183 2703 nec
203 2642 280 2703 mala
298 2644 384 2702 vicini
405 2644 520 2720 pecoris
542 2644 678 2720 contagia
698 2644 822 2703 laedent.

128 2733 285 2804 Fortunate
306 2752 405 2804 senex,
426 2733 475 2792 hic
495 2734 568 2792 inter
588 2733 710 2792 flumina
729 2743 801 2793 nota

108 2893 110 2898 ,
128 2833 157 2884 et
176 2824 273 2883 fontes
293 2840 393 2882 sacros
413 2822 503 2900 frigus
525 2824 656 2900 captabis
677 2825 842 2900 opacum)⁹

128 2912 209 2972 Hinc
229 2912 288 2983 tibi,
309 2931 384 2989 quae
406 2931 530 2990 semper,
552 2906 648 2972 vicino
669 2914 707 2971 ab
728 2913 818 2971 limite
839 2929 926 2988 sepes

128 3003 268 3080 Hyblaeis
289 3004 392 3079 apibus
412 3002 516 3062 florem
537 3002 660 3078 depasta
680 3001 777 3084 salicti¹

128 3111 216 3170 saepe
237 3091 292 3151 levi
312 3096 460 3152 somnum*
472 3091 605 3151 suadebit
624 3091 696 3150 inire
716 3108 850 3150 susurro:

127 3182 196 3241 hinc
217 3181 274 3240 alta
295 3182 350 3240 sub
370 3199 442 3258 rupe
463 3190 549 3240 canet
568 3179 719 3238 frondator
740 3180 778 3239 ad
799 3197 901 3250 auras;

128 3289 184 3330 nec
203 3281 301 3330 tamen
322 3270 432 3329 interea
451 3268 556 3328 raucae
576 3279 627 3328 tua
647 3287 716 3327 cura
736 3269 889 3344 palumbes

128 3378 184 3420 nec
204 3379 321 3436 gemere
342 3361 420 3420 ae‘ria
441 3358 567 3418 cessabit
587 3367 679 3416 turtur
699 3357 738 3416 ab
757 3347 847 3416 ulmo.
913 3426 915 3433 Α

173 3448 207 3509 Τ.
228 3451 305 3509 Ante
326 3449 404 3509 leves
424 3465 495 3524 ergo
516 3455 672 3523 pascentur
691 3446 723 3504 in
742 3445 858 3504 aethere
878 3445 964 3513 cervi,

129 3548 158 3598 et
178 3539 250 3598 freta
272 3539 427 3599 destituent
447 3536 543 3595 nudos
561 3537 595 3594 in
614 3536 698 3593 litore
717 3535 830 3610 pisces;

128 3638 195 3687 ante
216 3629 366 3704 pererratis
387 3627 541 3685 amborum
562 3625 668 3682 tinibus
692 3621 775 3680 exsul

130 3726 178 3775 aut
200 3716 314 3776 Ararim
334 3715 457 3775 Parthus
478 3714 559 3772 bibet
579 3722 628 3772 aut
649 3709 808 3770 Germania
829 3707 954 3796 Tigrim,

27 3807 42 3883 ᾗ
130 3823 217 3883 quarn
238 3816 337 3865 nostro
359 3804 433 3864 illius
454 3803 566 3862 labatur
586 3811 705 3879 pectore
726 3799 828 3858 vultus
842 3796 852 3867 ξ’
