2684 4192
445 234 447 238 ·
495 215 622 272 LIBER
641 217 685 275 II.
706 210 865 295 419-496.

199 375 229 440 Ο
249 377 410 439 fortunatos
429 378 559 452 nimium,
580 397 633 440 sua
653 380 677 440 si
697 381 777 440 bona
797 380 901 453 norint,

158 467 316 544 agricolas!
344 469 449 545 quibus
468 470 533 546 ipsa
552 469 653 546 procul
675 469 855 529 discordibus
876 469 964 530 armis

157 554 253 616 fundit
272 557 362 628 humo
382 556 497 618 facilem
516 559 625 617 victum
645 559 800 619 iustissima
819 558 911 618 tellus.

159 645 191 706 Si
210 663 272 706 non
293 647 442 724 ingentem
462 645 572 707 foribus
593 648 698 707 domus
719 648 776 706 alta
796 648 927 725 superbis

157 752 245 794 mane
265 755 297 794 sa
308 745 439 795 utantum
459 737 527 796 totis
546 736 636 796 vomit
656 737 775 795 aedibus
795 736 915 808 undam,

157 841 213 882 nec
346 825 458 884 inhiant
478 824 597 902 pulchra
617 825 761 895 testudine
781 835 891 902 postes,

156 912 311 991 illusasque
332 932 403 975 auro
423 924 517 974 vestes
537 914 685 991 Ephyreia
706 932 836 987 neaera,
857 940 869 949 ·
891 911 911 939 ³
937 921 947 935 ‘·

157 1001 224 1061 alba
242 1021 338 1080 neque
358 1003 480 1080 Assyrio
501 1003 612 1062 fucatur
632 933 706 1061 [ἵὲ
720 999 844 1074 veneno,
950 1032 954 1039 ·
994 1026 996 1033 ·

157 1107 212 1150 nec
232 1092 311 1151 casia
330 1091 429 1169 liquidi
450 1094 641 1168 corrumpitur
660 1109 729 1152 usus
749 1092 835 1170 olivi;
920 1064 1087 1160 βίων

157 1188 186 1237 at
207 1197 309 1238 secura
328 1182 411 1258 quies
432 1190 462 1240 et
480 1182 579 1240 nescia
599 1179 702 1240 fallere
717 1181 783 1252 vita,

157 1268 237 1328 dives
256 1286 347 1346 opum
366 1270 516 1341 variarum,
537 1278 566 1328 at
586 1270 650 1330 latis
670 1271 730 1328 otia
750 1269 856 1342 lundis,
901 1299 902 1303 ,

156 1358 313 1435 speluncae
333 1360 446 1435 vivique
465 1359 554 1431 lacus,
576 1369 606 1418 at
625 1359 730 1436 frigida
750 1358 866 1436 Tempe

84 1463 88 1474 ·
156 1447 342 1524 mugitusque
360 1447 452 1506 boum
471 1448 830 1596 molesqueWore
850 1449 947 1508 somni

156 1552 219 1594 non
238 1536 360 1609 absunt;
387 1537 445 1597 illic
465 1537 554 1597 saltus
574 1556 609 1597 ae
644 1556 678 1596 us
690 1555 722 1597 ra
753 1555 875 1610 eratum,

157 1633 187 1684 et
206 1625 320 1700 patiens
340 1642 463 1703 operum
484 1627 649 1703 exiguoque
670 1635 785 1686 assueta
806 1626 945 1698 iuventus,

90 1757 98 1766 .
157 1730 239 1774 sacra
259 1712 347 1772 deum
368 1715 516 1792 sanctique
537 1725 651 1794 patres3
679 1722 809 1774 extrema
829 1731 881 1792 per
901 1715 966 1775 illos

157 1801 267 1860 Iustitia
286 1801 432 1862 excedens
452 1803 533 1863 terris
553 1804 673 1882 vestigia
692 1803 768 1863 feeit

198 1889 250 1950 Me
270 1910 338 1951 vero
358 1893 484 1970 primum
504 1892 604 1953 dulces
623 1902 690 1951 ante
710 1892 810 1951 omnia
830 1891 945 1963 Musae,

38 1947 280 2104 &aquarum
295 1979 464 2068 Qiero
484 1982 594 2059 ingenti
615 2000 770 2058 percussus
791 1998 900 2052 amore,

157 2070 309 2146 accipiant,
331 2071 460 2149 caelique
479 2072 540 2131 vias
561 2082 590 2132 et
610 2072 704 2131 sidera
724 2080 893 2141 monstrent,

76 2196 86 2209 -
158 2156 287 2219 deiectus
302 2159 377 2221 *solis
396 2160 491 2220 varios
510 2160 654 2309 lqsseque
674 2159 808 2234 labores3
845 2159 968 2263 mk

65 2318 76 2333 ι
157 2248 235 2309 unde
256 2258 364 2308 tremor
384 2251 517 2327 terris,q
574 2251 602 2308 vi
622 2249 714 2308 maria
733 2248 791 2308 alta
874 2258 975 2308 escant

37 2337 299 2418 Wobiicibus
319 2338 410 2415 ruptis
429 2356 583 2416 rursusque
605 2338 635 2397 in
655 2356 687 2398 se
707 2339 772 2415 ipsa
792 2337 927 2409 residant,

157 2425 228 2503 qnid
248 2435 360 2486 tantum
381 2425 503 2487 Oceano
523 2438 681 2507 properent
702 2445 734 2487 se
754 2427 886 2504 tinguere
907 2427 985 2486 soles

157 2515 278 2587 hiberni,
297 2516 343 2577 vel
363 2535 440 2594 quae
460 2517 549 2577 tardis
570 2532 654 2577 mora
673 2517 809 2577 noctibus
829 2517 934 2593 obstet

158 2603 210 2664 Sin
230 2604 285 2664 has
304 2624 343 2664 ne
362 2607 473 2683 possim
493 2617 613 2666 naturae
634 2607 772 2667 accedere
793 2615 890 2683 partes

157 2694 278 2773 frigidus
297 2697 438 2774 obstiterit
475 2698 482 2712 ‘
536 2717 567 2758 m
587 2685 758 2774 praecordia
778 2697 907 2774 sanguis,

156 2803 223 2844 rura
242 2784 313 2844 mihi
333 2715 610 2874 afflant
630 2787 661 2844 in
680 2786 802 2846 vallibus
822 2803 932 2859 amnes,

156 2872 279 2934 flumina
297 2892 395 2935 amem
416 2875 556 2954 silvasque
576 2875 722 2952 inglorius.
765 2874 863 2935 Oubi
885 2877 981 2953 campi

158 2962 377 3043 Spercheusque
398 2973 427 3024 et
446 2964 604 3040 virginibus
624 2963 766 3024 bacchata
785 2964 927 3042 Lacaenis

157 3050 298 3128 Taygeta,
319 3069 339 3112 o
360 3053 409 3130 qui
429 3070 478 3112 me
497 3053 600 3130 gelidis
621 3053 798 3113 convallibus
818 3052 927 3112 Haemi

157 3139 247 3212 sistat,
267 3149 297 3200 et
317 3140 427 3218 ingenti
447 3159 595 3202 ramorum
615 3152 749 3220 protegat
769 3144 894 3203 umbra?

157 3227 247 3302 Felix,
268 3231 317 3307 qui
337 3232 432 3308 potuit
452 3248 548 3290 rerum
570 3234 748 3308 cognoscere
769 3250 881 3304 causas,

156 3328 244 3396 atque
264 3330 359 3379 metus
379 3337 484 3379 omnes
504 3330 534 3378 et
554 3319 731 3380 inexorabile
751 3321 843 3380 iatum

156 3408 276 3468 subiecit
296 3408 419 3484 pedibus
440 3409 648 3485 strepitumque
668 3409 841 3469 Acherontis
862 3409 946 3471 avari.

181 3506 332 3557 ortunatus
352 3505 383 3556 et
401 3497 457 3569 ille,
479 3497 552 3557 deos
573 3499 723 3575 quinovit
745 3508 883 3575 agrestes,

134 3585 295 3663 xPanaque
315 3586 521 3664 Silvanumque
542 3605 643 3647 senem
663 3588 875 3666 Nymphasque
895 3605 1016 3649 sorores

155 3673 243 3734 Illum
263 3693 325 3735 non
344 3675 445 3753 populi
465 3675 568 3749 fasces,
589 3695 650 3736 non
670 3695 797 3755 purpura
817 3694 919 3754 regum

155 3761 236 3824 flexit
256 3773 287 3824 et
306 3763 413 3824 infidos
433 3764 548 3842 agitans
569 3765 713 3826 discordia
732 3765 840 3841 iratres,
