2706 4208
510 232 511 236 ’
587 225 799 297 BUCOLICA.

531 647 770 714 ECLOGA
799 648 843 712 X.

622 851 755 906 Gnatus

166 1017 336 1081 Exmn'nuu
356 1021 442 1093 hunc,
463 1022 615 1094 Arethusa,
636 1023 707 1083 mihi
728 1023 858 1083 concede
878 1022 1019 1081 laborum.

165 1109 263 1168 Pauca
284 1129 350 1169 meo
372 1111 468 1181 Gallo,
490 1113 542 1171 sed
563 1132 637 1189 quae
658 1114 736 1189 legat
756 1115 819 1189 ipsa
841 1113 968 1189 Lycoris,

166 1199 294 1258 carmina
314 1210 380 1258 sunt
401 1201 539 1261 dicenda:
568 1212 655 1278 neget
676 1203 740 1278 quis
762 1202 891 1260 carmina
911 1200 1017 1265 Gallo?

166 1287 214 1346 Sic
234 1288 294 1357 tibi,
316 1306 384 1347 curn
404 1290 508 1348 fluctus
529 1290 721 1349 subterlabere
743 1289 871 1370 Sicanos,

164 1377 253 1437 Doris
273 1396 372 1437 amara
393 1397 475 1438 suam
496 1398 558 1438 non
577 1381 769 1439 intermisceat
789 1379 917 1439 undam:

164 1467 277 1542 incipe;
305 1467 442 1527 sollicitos
463 1468 539 1528 Galli
561 1469 691 1529 dicamus
714 1487 837 1538 amores,

166 1557 236 1616 dum
256 1564 355 1615 tenera
376 1558 529 1616 attondent
550 1559 640 1618 simae
661 1559 781 1634 virgulta
801 1557 936 1633 capellae.

77 1643 388 1801 sterneremus
409 1646 516 1718 surdis;
545 1647 724 1723 respondent
746 1647 846 1706 omnia
867 1647 962 1704 silvae.

99 1750 102 1754 ·
206 1733 292 1805 Quae
312 1753 434 1794 nemora
454 1747 504 1795 aut
525 1737 574 1813 qui
595 1755 648 1795 vos
670 1736 759 1795 saltus
779 1735 914 1803 habuere,
936 1735 1048 1811 puellae

164 1823 286 1894 Naides,
307 1824 427 1901 indigno
449 1843 516 1884 cum
538 1815 638 1884 Gallus
658 1843 757 1884 amore
779 1826 909 1901 peribat?
1180 1850 1211 1886 ιο

166 1913 245 1972 Nam
265 1931 360 1989 neque
381 1912 499 1973 Parnasi
519 1915 602 1973 vobis
623 1915 699 1990 iuga,
720 1932 790 1972 narn
810 1932 906 1989 neque
927 1913 1011 1973 Pindi
1100 1913 1103 1920 “

165 2004 223 2063 ulla
242 2021 355 2063 moram
376 2003 479 2074 fecere,
500 2022 595 2080 neque
616 2003 712 2062 Aonie
733 2003 896 2079 Aganippe.
923 2010 930 2031 ⁸

56 2081 63 2135 ἶ
166 2093 252 2152 Illum
271 2095 359 2151 etiarn
378 2092 459 2164 lauri,
481 2093 567 2151 etiam
588 2093 691 2150 flevere
712 2096 847 2167 myricae,

166 2182 269 2258 pinifer
288 2182 367 2239 illum
388 2182 475 2240 etiam
496 2181 559 2240 sola
579 2183 634 2240 sub
653 2199 725 2256 rupe
746 2182 889 2239 iacentem

166 2271 321 2330 Maenalus
341 2280 370 2330 et
390 2270 478 2346 gelidi
497 2270 638 2329 fleverunt
659 2287 730 2328 saxa
750 2268 869 2370 Lycatey.⁴
884 2290 892 2307 ¹
907 2289 921 2329 t

167 2360 249 2419 Stant
270 2369 299 2419 et
319 2377 390 2418 oves
410 2360 525 2431 circum,
548 2359 638 2419 nostri
658 2375 713 2417 nec
734 2359 861 2435 paenitet
880 2359 960 2418 illas:

166 2470 222 2510 nec
242 2460 271 2509 te
291 2452 437 2528 paeniteat
458 2451 579 2526 pecoris,
602 2447 697 2506 divine
716 2455 821 2521 poeta;

167 2549 196 2599 et
216 2539 360 2598 formosus
381 2557 450 2597 oves
471 2539 510 2597 ad
529 2538 650 2596 flumina
670 2536 747 2612 pavit
768 2533 888 2593 Adonis.
953 2530 961 2545 '¹

169 2625 260 2684 Venit
279 2635 307 2683 et
326 2626 424 2702 upilio,
447 2625 520 2685 tardi
541 2644 645 2685 venere
667 2623 847 2696 subulci,;:··‘
903 2627 913 2659 ²

166 2716 269 2774 uvidus
291 2715 411 2774 hiberna
431 2716 509 2774 venit
530 2715 566 2774 de
587 2715 695 2791 glande
716 2714 874 2787 Menalcas,
1181 2739 1211 2774 ac

168 2805 281 2864 Omnes
302 2806 397 2864 ‘unde
419 2823 501 2864 amor
521 2805 592 2864 iste’
614 2795 719 2881 rogant
742 2803 840 2863 ‘tibi’i
875 2803 964 2863 Venit
983 2803 1110 2881 Apollo:

168 2893 276 2963 ‘Galle,
299 2895 369 2970 quid
389 2895 529 2953 insanisi’
558 2894 659 2970 inquit,
682 2899 748 2972 ‘tua
769 2912 838 2953 cura
858 2892 978 2968 Lycoris
1113 2896 1117 2901 '

168 3001 276 3059 perque
297 2983 377 3041 nives
397 2984 484 3061 alium
505 3002 614 3059 perque
634 2982 749 3041 horrida
769 2993 864 3042 castra
884 2991 985 3042 secuta
1004 2982 1064 3041 est?

167 3071 256 3130 Venit
277 3082 305 3130 et
325 3073 431 3149 agresti
452 3073 554 3147 capitis
577 3072 708 3130 Silvanus
729 3067 841 3131 honore

168 3162 305 3221 florentes
325 3162 431 3222 ferulas
452 3172 480 3221 et
500 3162 622 3238 grandia
642 3162 699 3219 lilia
720 3179 870 3238 quassans.

1128 2887 1139 2938 l

167 3250 231 3309 Pan
252 3252 324 3311 deus
331 3230 485 3310 ‘Kreadiae
505 3252 590 3321 venit,
612 3268 700 3327 quem
720 3249 843 3309 vidimus
863 3248 920 3327 ipsi

168 3342 335 3418 sanguineis
355 3342 431 3400 ebuli
452 3342 532 3400 bacis
553 3341 702 3417 minioque
723 3342 885 3400 rubentem.

69 3462 72 3467 ·
111 3468 155 3485 ι,
169 3430 295 3507 ‘Ecquis
316 3431 368 3488 erit
389 3429 526 3489 modusl’
554 3430 655 3505 inquit.
699 3431 808 3488 ‘Amor
828 3448 890 3487 non
910 3429 978 3489 talia
999 3439 1098 3489 curat:

168 3537 223 3577 nec
244 3520 367 3578 lacrimis
388 3519 511 3578 crudelis
532 3518 625 3576 Amor
645 3536 700 3575 nec
720 3519 852 3594 gramina
871 3519 938 3576 rivis

168 3626 223 3666 nec
244 3609 334 3684 cytiso
356 3617 518 3667 saturantur
538 3625 608 3682 apes
629 3624 683 3664 nec
704 3606 806 3665 fronde
827 3607 973 3682 capellae!
1184 3627 1217 3677 30

168 3695 273 3755 Tristis
290 3706 319 3754 at
339 3696 385 3754 ille
407 3694 540 3753 ‘Tamen
561 3694 720 3764 cantabitis,
741 3695 888 3763 Arcades'
911 3694 1011 3789 inquit,

170 3785 333 3842 ‘montibus
353 3785 426 3844 haec
447 3783 556 3854 vestris,
578 3782 637 3865 591ιίι
652 3791 768 3864 cantare
790 3782 871 3858 periti
949 3812 961 3834 2
