2706 4208
437 1080 889 1179 BUCOLICA.

525 1346 745 1413 ECLOGA
776 1351 803 1413 Ι.

458 1511 641 1572 Murruouus.
724 1513 865 1571 Tmuuus

181 1633 228 1693 M.
251 1635 375 1706 Tmuru,
396 1645 427 1694 tu
448 1635 563 1712 patulae
583 1637 725 1694 recubans
747 1636 802 1693 sub
822 1634 950 1710 tegmine
971 1632 1030 1710 sagi

141 1724 298 1783 silvestrem
320 1727 399 1783 tenui
419 1743 534 1784 musam
555 1725 702 1784 meditaris
724 1742 833 1797 avena3

141 1829 197 1871 nos
216 1815 325 1890 patriae
345 1814 419 1872 fines
439 1825 468 1873 et
489 1815 584 1873 dulcia
604 1814 761 1889 linquImus
784 1831 859 1871 arva.

141 1901 206 1960 Nos
227 1903 347 1979 patriam
368 1903 512 1979 fugimus3
534 1908 581 1974 tu,
604 1901 715 1979 Tityre,
736 1891 830 1960 lentus
851 1902 881 1958 in
901 1903 1005 1959 umbra

141 1991 300 2051 formosam
322 2011 458 2052 resonare
479 1992 568 2052 doces
589 1978 768 2068 Amaryllida
788 1991 882 2049 silvas.
1169 2012 1183 2059 5

10 2154 17 2167 .
115 2102 136 2151 u
186 2078 218 2139 T.
240 2080 268 2140 O
290 2074 537 2154 Meliboee,'deus
558 2081 643 2140 nobis
664 2081 742 2139 haec.
757 2081 816 2138 otia
837 2079 913 2138 fecit.

142 2168 278 2246 Namque
299 2172 351 2229 erit
370 2171 417 2229 ille
438 2171 508 2229 mihi
529 2189 644 2247 semper
665 2169 745 2240 deus,
765 2168 839 2227 illius
860 2186 941 2226 aram

143 2278 231 2335 saepe
252 2271 333 2318 tener
353 2261 460 2320 nostris
481 2262 518 2319 ab
539 2261 662 2319 ovilibus
682 2260 793 2318 imbuet
813 2277 914 2335 agnus.

143 2348 196 2407 llle
216 2366 297 2407 meas
318 2367 412 2408 errare
432 2349 531 2420 boves,
553 2360 585 2407 ut
605 2350 706 2419 cernis,
730 2359 758 2406 et
778 2348 875 2424 ipsum

12 2464 15 2472 Δ
40 2482 43 2488 -
143 2440 241 2498 ludere
262 2458 337 2515 quae
358 2441 461 2499 vellem
483 2439 595 2498 calamo
617 2440 748 2516 permisit
768 2439 883 2515 agresti.
1161 2460 1190 2496 ro

184 2527 232 2588 M.
254 2529 324 2587 Non
345 2530 480 2606 equidem
501 2531 625 2600 invide0‚
647 2530 736 2587 miror
755 2529 867 2603 magis:
897 2526 1025 2604 undique
1047 2527 1115 2587 totis

145 2637 237 2695 usque
258 2619 332 2679 adeo
352 2621 481 2678 turbatur
501 2621 585 2695 agris.
628 2617 676 2676 En
696 2619 759 2694 ipse
781 2617 907 2693 capellas

27 2725 35 2745 ¹
63 2728 69 2757 ’-
145 2720 284 2785 protenus
305 2727 392 2784 aeger
413 2727 486 2784 ago:
516 2710 592 2768 hanc
614 2709 701 2766 etiam
721 2708 778 2778 vix,
800 2707 911 2783 Tityre,
933 2706 1019 2766 duco.

146 2799 205 2856 Hic
226 2799 300 2856 inter
322 2798 427 2856 densas
449 2797 562 2873 corylos
583 2798 674 2856 modo
696 2814 824 2873 namque
844 2795 985 2870 gemellos

147 2905 231 2964 spem
251 2888 358 2962 gregis
381 2886 427 2956 ah,
450 2886 527 2945 silice
548 2888 579 2943 in
597 2886 677 2945 'nuda
700 2886 806 2944 conixa
825 2884 948 2960 reliquit.
1162 2905 1191 2952 15

148 2977 242 3053 Saepe
263 2977 373 3035 malum
393 2976 451 3035 hoc
474 2976 566 3047 nobis,
588 2977 612 3034 si
631 2994 716 3034 mens
737 2992 798 3034 non
819 2975 901 3034 laeva
921 2973 1029 3044 fuisset,

148 3068 185 3126 de
206 3067 287 3125 caelo
308 3075 400 3126 tactas
421 3066 542 3125 memini
562 3065 727 3141 praedicere
749 3083 878 3141 quercus

57 3164 60 3175 ’
149 3152 257 3237 [Saepe
279 3158 393 3215 sinistra
413 3175 484 3215 cava
504 3156 646 3232 praedixit
667 3156 704 3213 ab
726 3154 789 3213 ilice
811 3147 934 3233 cornia]

150 3244 209 3306 Sed
229 3257 327 3304 tamen
348 3248 401 3306 iste
424 3246 495 3305 deus
517 3245 567 3324 qui
588 3245 624 3303 sit
646 3243 692 3315 da,
715 3243 824 3320 Tityre,
847 3243 940 3301 nobis.

193 3335 225 3393 Τ.
248 3334 359 3394 Urbem
379 3354 467 3413 quam
489 3336 588 3394 dicunt
609 3333 746 3403 Romam,
769 3331 923 3403 Meliboee,
945 3330 1044 3406 putavi
1161 3351 1192 3386 20

150 3425 252 3482 stultus
274 3443 330 3500 ego
351 3425 419 3484 huic
440 3436 556 3484 nostrae
577 3423 709 3494 similem,
732 3439 790 3498 quo
812 3438 900 3497 saepe
922 3421 1048 3479 solemus

150 3524 281 3590 pastores
302 3515 400 3574 ovium
420 3524 537 3573 teneros
558 3513 700 3590 depellere
721 3511 804 3570 fetus.

151 3601 199 3662 Sic
221 3603 340 3662 canibus
361 3602 473 3664 candos
494 3602 610 3675 similes,
633 3602 674 3662 sic
696 3602 836 3661 matribus
856 3599 968 3660 haedos

151 3708 263 3762 noram,
285 3694 326 3751 sie
347 3691 442 3769 parvis
462 3709 639 3769 componere
660 3710 767 3767 magna
788 3691 926 3749 solebam.

151 3779 262 3838 Verum
283 3780 355 3841 haec
376 3789 489 3840 tantum
510 3782 580 3841 alias
600 3782 674 3839 inter
695 3789 783 3857 caput
803 3779 901 3838 extulit
921 3777 1016 3849 urbes,
1163 3796 1197 3845 ος
