2706 4208
162 233 205 294 60
311 234 312 239 '
578 233 796 291 GEORGICA.

162 400 241 461 haud
263 400 487 546 dubiffie
508 398 635 459 referens
656 400 794 460 mandare
816 419 968 464 cacumen.

164 489 245 562 Quin
266 498 294 546 et
315 507 370 547 cau
468 507 482 546 s
503 490 589 548 sectis
610 488 751 568 (mirabile
771 489 861 570 dictu)

162 578 285 636 truditur
305 596 322 635 e
343 577 422 635 sicco
443 577 524 634 radix
546 577 680 654 oleagina
700 579 790 656 lign0.

163 667 202 725 Et
223 670 310 769 s'aepe
331 667 445 724 alterius
466 684 563 724 ramos
584 686 702 743 impune
723 689 751 729 vr
840 690 854 729 s

163 767 271 815 vertere
292 757 322 813 in
344 668 1095 921 alteriuffltatllnqufflfflalaffl

32 844 142 918 beon*
163 846 238 904 lerre
259 846 361 922 pirum,
384 825 454 921 etll
509 845 686 922 ilapidosa
705 850 857 909 rubescere
879 794 1095 908 cornaffffl‘lll

205 935 303 1007 Quare
324 934 400 1009 agite
421 951 440 992 o
461 935 596 1011 proprios
616 939 777 1011 generatim
799 938 899 997 discite
920 939 1012 996 cultus

164 1025 316 1102 agricolae,
337 1023 503 1099 fructusque
523 1023 601 1082 feros
620 1025 730 1083 mollite
751 1026 884 1097 colendo,
1176 1074 1192 1090 a

163 1132 221 1172 neu
243 1131 348 1190 segnes
368 1113 481 1170 iaceant
502 1121 601 1172 terrae.
632 1113 734 1194 Iuvat
736 1115 860 1174 Ismara
880 1115 997 1174 Baccho
1012 1052 1166 1184 wluol-

164 1220 316 1261 conserere
337 1212 423 1277 atque
444 1200 509 1259 olea
530 1220 671 1278 magnum
692 1204 793 1262 vestire
814 1204 996 1263 Taburnum.

91 1334 121 1410 q
164 1292 270 1368 Tuque
291 1290 369 1361 ades,
390 1291 598 1365 inceptumque
618 1309 677 1349 una
698 1290 817 1350 decurre
837 1293 974 1364 laborem,

118 1444 124 1453 ,
163 1398 182 1439 o
204 1381 303 1451 decus,
324 1397 343 1438 ο
364 1378 458 1436 famae
473 1381 592 1457 merito,
604 1398 672 1456 pars
692 1383 820 1439 maxima
841 1392 965 1454 nostrae,

163 1470 330 1538 Maecenas,
351 1467 514 1543 pelagoque
535 1469 637 1526 volans
658 1469 696 1526 da
716 1471 779 1528 vela
800 1472 918 1546 patenti.

164 1558 234 1617 Non
255 1574 313 1633 ego
334 1562 439 1614 cuncta
459 1555 532 1614 mels
554 1556 687 1633 amplecti
704 1560 833 1617 versibus
855 1568 935 1636 opt0,

163 1666 233 1720 non,
254 1646 325 1704 mihi
345 1645 370 1704 si
391 1645 507 1720 linguae
528 1657 647 1704 centum
668 1648 725 1705 sint
746 1665 854 1724 oraque
875 1658 1001 1718 centum,

164 1738 257 1796 ferrea
277 1753 342 1794 vox.
385 1733 465 1792 Ades
486 1744 514 1792 et
536 1736 621 1810 primi
643 1736 707 1812 lege
727 1737 816 1796 litoris
838 1756 937 1811 oram;

72 1866 81 1881 ,
163 1829 194 1886 ἱιι
214 1827 348 1885 manibus
368 1835 478 1882 terrae:
510 1842 570 1882 non
592 1824 640 1898 hic
661 1836 689 1883 te
710 1827 837 1885 carmine
858 1827 926 1886 ficto

2 1893 156 2057 Μ
206 2007 317 2083 Sponte
339 2023 391 2064 sua
411 2021 486 2078 quae
508 2020 543 2061 se
560 2003 692 2061 tollunt
685 2023 715 2061 ιιι
735 1961 903 2063 luminis·
873 2023 948 2076 oras,

164 2095 320 2154 infecunda
342 2092 460 2171 quidem
491 2091 542 2149 sed
563 2091 638 2149 laeta
659 2102 687 2149 et
708 2091 792 2150 sortia
813 2103 933 2169 surgunt
943 2113 952 2166 3

165 2187 273 2263 quippe
294 2162 358 2330 sqlp
379 2191 463 2239 natur
502 2181 610 2239 subest.
653 2160 862 2330 Tamenjhaec
884 2198 1010 2261 quoque,
1031 2183 1141 2260 siquis

166 2277 272 2333 inserat
293 2264 342 2331 a't
364 2270 656 2335 scrobibus‚'mandet
675 2282 768 2342 mutat
807 2273 942 2345 subactis,
1179 2293 1212 2342 50

166 2364 296 2422 exuerint
318 2361 475 2419 silvestrem
495 2359 634 2431 animum,
655 2362 791 2437 cultuque
812 2361 954 2438 frequenti

165 2455 196 2510 in
218 2467 417 2527 quascumque
437 2447 517 2506 voles
538 2457 612 2507 artes
632 2447 711 2507 haud
732 2451 813 2508 tarda
834 2453 996 2527 sequentur.

166 2541 231 2599 Nec
253 2558 314 2597 non
335 2548 364 2598 et
385 2537 486 2596 sterilis
508 2555 582 2613 quae
603 2540 738 2615 stirpibus
759 2541 817 2599 exit
837 2543 875 2598 ab
896 2542 969 2614 imis,

165 2631 223 2689 hoc
245 2628 339 2700 faciat,
360 2643 468 2685 vacuos
488 2626 512 2684 si
533 2627 575 2684 sit
590 2626 702 2704 digesta
722 2647 774 2705 per
795 2647 898 2706 agros:

166 2737 245 2778 nunc
266 2718 341 2775 altae
362 2716 480 2774 frondes
502 2724 530 2774 et
550 2717 622 2773 rami
643 2719 743 2777 matris
764 2729 890 2795 opacant

167 2808 364 2882 crescentique
385 2805 516 2863 adimunt
532 2803 607 2864 fetus
628 2817 770 2882 uruntque
791 2807 939 2868 ferentem.

166 2899 240 2967 Iam,
262 2914 337 2972 quae
358 2895 517 2953 seminibus
538 2894 618 2953 iactis
639 2913 670 2953 se
692 2896 804 2954 sustulit
825 2899 920 2970 arbos,

166 2988 248 3046 tarda
269 2985 346 3045 venit
367 2984 437 3043 seris
458 2983 567 3041 factura
588 2986 742 3062 nepotibus
762 2986 905 3056 umbram,

166 3094 313 3153 pomaque
333 3075 510 3149 degenerant
531 3091 618 3132 sucos
639 3075 729 3133 oblita
749 3076 869 3151 priores,

167 3177 196 3225 et
216 3176 314 3242 turpes
335 3164 435 3222 avibus
456 3161 596 3239 praedam
616 3163 670 3221 fert
685 3182 746 3222 uva
765 3181 905 3224 racemos.

168 3254 281 3314 Scilicet
302 3253 438 3312 omnibus
460 3261 504 3310 est
523 3251 605 3310 labor
625 3252 848 3329 impendendus,
870 3263 899 3312 et
920 3270 1024 3313 omnes

167 3344 318 3419 cogendae
337 3343 368 3399 in
389 3341 501 3400 sulcum
522 3358 557 3397 ac
578 3341 670 3400 multa
689 3343 823 3402 mercede
845 3343 1019 3402 domandae.

168 3432 227 3492 Sed
248 3432 356 3490 truncis
377 3430 460 3489 oleae
477 3428 590 3499 melius,
611 3432 774 3508 propagine
794 3432 865 3490 vites

166 3521 353 3598 respondent,
375 3520 468 3578 solido
490 3518 620 3594 Paphiae
642 3520 679 3578 de
699 3521 804 3579 robore
825 3530 952 3595 myrtus3

166 3611 270 3686 plantis
291 3620 320 3668 et
342 3611 432 3668 durae
454 3606 543 3683 coryli
564 3619 727 3681 naseuntur,
742 3618 771 3666 et
791 3609 896 3684 ingens

166 3699 301 3770 fraxinus,
316 3698 538 3773 Herculeaeque
561 3699 648 3756 arbos
668 3700 807 3756 umbrosa
828 3714 964 3766 coronae,

167 3787 348 3865 Chaoniique
369 3788 460 3847 Patris
480 3788 601 3864 glandes
612 3807 621 3860 ς
648 3789 735 3848 etiam
756 3790 846 3849 ardua
866 3790 965 3865 palma
1054 3816 1080 3824 ··
