2706 4208
179 237 223 312 84
595 240 813 300 GEORGICA.

179 407 322 464 fermento
344 410 429 481 atqu‘e
450 403 539 464 acidis
560 404 707 464 imitantur
728 406 802 466 vitea
823 408 926 469 sorbis.

180 495 261 554 Talis
283 495 478 572 Hyperboreo
499 505 612 571 septem
633 497 763 555 subiecta
784 497 868 555 trioni

179 604 253 661 gens
274 586 383 643 effrena
403 587 494 643 virum
516 585 650 662 Rhipaeo
671 587 799 644 tunditur
819 587 908 659 Eum,

180 685 208 732 et
228 675 373 749 pecudum
393 674 476 733 fulvis
497 675 606 733 velatur
625 692 749 750 corpora
769 677 864 735 saetis.

221 763 251 822 Si
272 764 323 822 tibi
343 763 475 821 lanitium
495 781 591 833 curae,
613 765 739 840 primum
758 782 861 840 aspera
882 765 953 825 silva

178 851 340 928 lappaeque
361 851 514 928 tribolique
536 852 631 910 absint
642 871 650 924 ;
680 851 747 928 fuge
768 854 876 928 pabula
895 855 980 926 laeta,

178 941 375 1016 continuoque
396 958 500 1016 greges
521 939 594 998 villis
613 940 679 1017 lege
699 941 835 1000 mollibus
856 943 948 1001 albos.

178 1030 264 1088 Illum
285 1038 390 1098 autem,
413 1029 544 1106 quamvis
566 1031 641 1087 aries
661 1031 697 1088 sit
718 1030 859 1089 candidus
880 1032 951 1106 ipse,

177 1121 260 1195 nigra
280 1120 379 1178 subest
398 1118 459 1176 udo
479 1127 592 1176 tantum
610 1119 656 1176 cui
676 1119 776 1195 lingua
796 1120 903 1196 palat0,

176 1209 271 1277 reiice,
292 1226 331 1265 ne
352 1207 472 1265 maculis
493 1206 616 1265 infuscet
637 1208 741 1266 vellera
761 1208 847 1285 pullis

177 1306 357 1366 nascentum,
379 1296 525 1370 plenoque
547 1295 635 1353 alium
657 1297 846 1373 circumspice
867 1316 982 1374 campo

177 1386 300 1444 Munere
320 1385 362 1442 sic
382 1385 467 1442 niveo
487 1384 579 1454 lanae,
602 1388 626 1442 si
647 1386 764 1444 credere
785 1387 907 1462 dignum
928 1398 980 1458 est,

176 1475 239 1533 Pan
258 1474 330 1532 deus
350 1473 493 1531 Arcadiae
515 1484 630 1550 captam
651 1484 689 1546 te,
711 1475 803 1546 Luna,
826 1475 924 1534 fefellit

175 1565 206 1622 in
226 1581 347 1622 nemora
368 1562 426 1620 alta
444 1580 569 1636 vocans;
597 1582 653 1624 nec
673 1575 703 1622 tu
725 1575 878 1640 aspernata
898 1576 1059 1624 vocantem.

175 1653 224 1727 At,
246 1653 293 1711 cui
315 1652 398 1710 lactis
419 1670 511 1724 amor,
532 1654 656 1728 cytisum
677 1653 811 1728 lotosque
833 1654 1000 1729 frequentes

174 1745 238 1821 ipse
258 1762 348 1802 manu
369 1743 518 1819 salsasque
539 1744 611 1803 ierat
632 1747 820 1820 praesepibus
841 1745 954 1805 herbas.

174 1833 255 1893 Hinc
276 1842 305 1890 et
325 1842 424 1890 amant
445 1833 548 1891 fluvios
569 1834 671 1909 magis,
692 1844 722 1892 et
742 1835 835 1910 magis
856 1836 946 1894 ubera
966 1835 1095 1904 tendunt,

174 1934 203 1981 et
223 1922 290 1982 salis
311 1921 458 1981 occultum
480 1921 605 1981 referunt
625 1923 656 1979 in
677 1923 749 1981 lacte
771 1942 915 1999 saporem,

173 2015 255 2072 multi
276 2014 364 2071 etiam
384 2022 517 2071 excretos
538 2012 693 2088 prohibent
715 2032 733 2070 a
753 2015 891 2072 matribus
913 2013 1032 2085 haedos,

173 2105 324 2180 primaque
344 2101 454 2160 serratis
476 2102 640 2177 praefigunt
661 2119 713 2160 ora
734 2105 873 2179 capistris.

172 2193 263 2266 Quod
284 2200 420 2267 surgente
442 2190 488 2247 die
508 2191 633 2249 mulsere
654 2191 789 2267 horisque
811 2192 928 2263 diurnis,

121 2339 124 2345 .
171 2292 258 2343 nocte
279 2290 433 2356 premunt3
464 2279 544 2354 quod
565 2281 623 2337 iam
644 2281 771 2340 tenebris
791 2291 821 2340 et
843 2282 904 2340 sole
925 2281 1057 2353 cadente,

172 2374 227 2430 sub
248 2371 344 2429 lucem
366 2378 519 2444 exportant
539 2369 762 2428 calathis-adit
782 2371 893 2446 oppida
913 2381 1051 2446 pastor-

171 2471 220 2520 aut
240 2474 330 2535 parco
351 2457 411 2514 sale
431 2456 605 2532 contingunt
627 2457 773 2534 hiemique
794 2470 947 2535 reponunt.

211 2549 276 2607 Nec
297 2547 347 2604 tibi
369 2564 438 2604 cura
459 2563 565 2604 canum
586 2546 670 2604 fuerit
691 2559 848 2623 postrema,
870 2549 922 2607 sed
943 2567 1003 2607 una

169 2639 285 2698 veloces
308 2635 428 2711 Spartae
449 2636 561 2697 catulos
583 2653 738 2711 acremque
759 2637 927 2697 Molossum

169 2744 257 2804 pasce
279 2742 343 2784 sero
365 2725 475 2799 pingui.
517 2723 688 2801 Numquam
711 2726 879 2785 custodibus
900 2727 954 2785 illis

168 2827 343 2875 nocturnum
365 2813 483 2871 stabulis
505 2813 597 2871 iurem
618 2814 806 2890 incursusque
826 2815 962 2891 luporum

128 2975 131 2981 .
168 2915 218 2965 aut
237 2905 398 2978 impacatos
419 2920 437 2959 a
457 2912 541 2978 tergo
563 2902 693 2961 horrebis
716 2903 853 2961 Hiberos

168 2996 262 3071 Saepe
283 2993 371 3052 etiam
392 3012 477 3052 cursu
498 2993 616 3053 timidos
638 2994 761 3069 agitabis
783 3011 921 3070 onagros

167 3096 196 3146 et
216 3085 337 3144 canibus
357 3083 495 3158 leporem,
518 3084 638 3141 canibus
659 3083 802 3141 venabere
823 3084 973 3156 dammas3

165 3193 254 3251 saepe
274 3173 429 3231 volutabris
450 3173 552 3250 pulsos
574 3172 748 3232 silvestribus
769 3190 856 3248 apros

164 3265 267 3324 latratu
287 3261 415 3319 turbabis
437 3279 537 3337 agenS,
559 3270 732 3337 montesque
754 3279 806 3336 per
826 3261 900 3320 altos

163 3355 315 3429 ingentem
336 3349 462 3408 clamore
482 3367 597 3426 premes
619 3350 656 3407 ad
676 3350 746 3408 retia
766 3368 893 3410 cervum.

204 3441 295 3499 Disce
316 3447 346 3497 et
366 3438 518 3497 odoratam
539 3438 659 3496 stabulis
681 3439 840 3497 accendere
861 3439 991 3510 cedrum,

163 3530 365 3606 galbaneoque
386 3527 493 3602 agitare
515 3544 617 3602 graves
638 3526 740 3586 nidore
761 3526 923 3602 chelydros.

71 3652 77 3663 ι
164 3619 258 3692 Saepe
280 3617 333 3673 sub
354 3615 483 3672 immotis
501 3615 688 3690 praesepibus
709 3624 759 3672 aut
779 3615 856 3672 mala
876 3625 954 3675 tactu

161 3707 261 3781 vipera
281 3704 391 3762 delituit
412 3703 582 3777 caelumque
604 3702 737 3761 exterrita
757 3702 838 3778 sugit,

162 3804 213 3853 aut
232 3801 309 3852 tecto
331 3804 462 3852 assuetus
484 3791 602 3851 coluber
622 3791 778 3854 succedere
800 3801 829 3850 et
849 3790 980 3861 umbrae,
