<?xml version="1.0" encoding="UTF-8"?>
<!DOCTYPE html PUBLIC "-//W3C//DTD XHTML 1.0 Transitional//EN"
    "http://www.w3.org/TR/xhtml1/DTD/xhtml1-transitional.dtd">
<html xmlns="http://www.w3.org/1999/xhtml" xml:lang="en" lang="en">
 <head>
  <title>
</title>
<meta http-equiv="Content-Type" content="text/html;charset=utf-8" />
  <meta name='ocr-system' content='tesseract 3.04.00' />
  <meta name='ocr-capabilities' content='ocr_page ocr_carea ocr_par ocr_line ocrx_word'/>
</head>
<body>
  <div class='ocr_page' id='page_1' title='image "./bucolicsandgeor00haiggoog_0050.png"; bbox 0 0 2700 4214; ppageno 0'>
   <div class='ocr_carea' id='block_1_1' title="bbox 485 239 845 318">
    <p class='ocr_par' dir='ltr' id='par_1_1' title="bbox 485 239 845 318">
     <span class='ocr_line' id='line_1_1' title="bbox 485 239 845 318; baseline -0.006 -18"><span class='ocrx_word' id='word_1_1' title='bbox 485 245 646 302; x_wconf 73' lang='lat' dir='ltr'>actosa</span> <span class='ocrx_word' id='word_1_2' title='bbox 669 246 726 304; x_wconf 77' lang='lat' dir='ltr'>nv.</span> <span class='ocrx_word' id='word_1_3' title='bbox 752 239 845 318; x_wconf 64' lang='lat'>1-672</span> 
     </span>
    </p>
   </div>
   <div class='ocr_carea' id='block_1_2' title="bbox 25 407 1192 3422">
    <p class='ocr_par' dir='ltr' id='par_1_2' title="bbox 142 407 1186 665">
     <span class='ocr_line' id='line_1_2' title="bbox 143 407 890 485; baseline 0.003 -21"><span class='ocrx_word' id='word_1_4' title='bbox 143 417 238 468; x_wconf 89' lang='lat' dir='ltr'>vatem</span> <span class='ocrx_word' id='word_1_5' title='bbox 257 420 408 485; x_wconf 89' lang='lat' dir='ltr'>pastores;</span> <span class='ocrx_word' id='word_1_6' title='bbox 437 409 490 469; x_wconf 92' lang='lat' dir='ltr'>sed</span> <span class='ocrx_word' id='word_1_7' title='bbox 510 428 573 468; x_wconf 90' lang='lat' dir='ltr'>non</span> <span class='ocrx_word' id='word_1_8' title='bbox 594 427 651 485; x_wconf 74' lang='lat' dir='ltr'>ego</span> <span class='ocrx_word' id='word_1_9' title='bbox 673 407 806 467; x_wconf 87' lang='lat' dir='ltr'>credulus</span> <span class='ocrx_word' id='word_1_10' title='bbox 827 408 890 466; x_wconf 92' lang='lat' dir='ltr'>illis.</span> 
     </span>
     <span class='ocr_line' id='line_1_3' title="bbox 142 495 1186 575; baseline 0 -21"><span class='ocrx_word' id='word_1_11' title='bbox 142 496 220 555; x_wconf 90' lang='lat' dir='ltr'>Nam</span> <span class='ocrx_word' id='word_1_12' title='bbox 242 516 337 575; x_wconf 92' lang='lat' dir='ltr'>neque</span> <span class='ocrx_word' id='word_1_13' title='bbox 357 498 452 557; x_wconf 89' lang='lat' dir='ltr'>adhue</span> <span class='ocrx_word' id='word_1_14' title='bbox 474 498 562 556; x_wconf 90' lang='lat' dir='ltr'>Vario</span> <span class='ocrx_word' id='word_1_15' title='bbox 584 499 683 556; x_wconf 86' lang='lat' dir='ltr'>videor</span> <span class='ocrx_word' id='word_1_16' title='bbox 703 516 758 556; x_wconf 91' lang='lat' dir='ltr'>nec</span> <span class='ocrx_word' id='word_1_17' title='bbox 783 496 878 556; x_wconf 84' lang='lat' dir='ltr'><strong>dicere</strong></span> <span class='ocrx_word' id='word_1_18' title='bbox 899 495 993 555; x_wconf 83' lang='lat' dir='ltr'>Cinna</span> <span class='ocrx_word' id='word_1_19' title='bbox 1156 515 1186 562; x_wconf 84' lang='lat'>35</span> 
     </span>
     <span class='ocr_line' id='line_1_4' title="bbox 143 587 922 665; baseline 0.001 -21"><span class='ocrx_word' id='word_1_20' title='bbox 143 587 241 663; x_wconf 88' lang='lat' dir='ltr'>digna,</span> <span class='ocrx_word' id='word_1_21' title='bbox 262 588 314 647; x_wconf 90' lang='lat' dir='ltr'>sed</span> <span class='ocrx_word' id='word_1_22' title='bbox 334 599 452 665; x_wconf 89' lang='lat' dir='ltr'>argutos</span> <span class='ocrx_word' id='word_1_23' title='bbox 472 590 547 647; x_wconf 90' lang='lat' dir='ltr'>inter</span> <span class='ocrx_word' id='word_1_24' title='bbox 567 598 694 663; x_wconf 85' lang='lat' dir='ltr'>strepere</span> <span class='ocrx_word' id='word_1_25' title='bbox 714 606 799 646; x_wconf 82' lang='lat' dir='ltr'>anser</span> <span class='ocrx_word' id='word_1_26' title='bbox 819 587 922 645; x_wconf 89' lang='lat' dir='ltr'>olores.</span> 
     </span>
    </p>

    <p class='ocr_par' dir='ltr' id='par_1_3' title="bbox 143 673 1176 930">
     <span class='ocr_line' id='line_1_5' title="bbox 183 673 1176 753; baseline -0.004 -19"><span class='ocrx_word' id='word_1_27' title='bbox 183 676 231 734; x_wconf 92' lang='lat' dir='ltr'>M.</span> <span class='ocrx_word' id='word_1_28' title='bbox 253 677 290 736; x_wconf 92' lang='lat' dir='ltr'>Id</span> <span class='ocrx_word' id='word_1_29' title='bbox 310 676 427 753; x_wconf 91' lang='lat' dir='ltr'>quidem</span> <span class='ocrx_word' id='word_1_30' title='bbox 448 694 506 752; x_wconf 91' lang='lat' dir='ltr'>ago</span> <span class='ocrx_word' id='word_1_31' title='bbox 527 687 556 735; x_wconf 91' lang='lat' dir='ltr'>et</span> <span class='ocrx_word' id='word_1_32' title='bbox 568 677 688 747; x_wconf 80' lang='lat' dir='ltr'>tacitus,</span> <span class='ocrx_word' id='word_1_33' title='bbox 710 675 829 751; x_wconf 90' lang='lat' dir='ltr'>Lycida,</span> <span class='ocrx_word' id='word_1_34' title='bbox 850 693 966 733; x_wconf 91' lang='lat' dir='ltr'>meeum</span> <span class='ocrx_word' id='word_1_35' title='bbox 986 676 1048 750; x_wconf 92' lang='lat' dir='ltr'>ipse</span> <span class='ocrx_word' id='word_1_36' title='bbox 1069 673 1176 742; x_wconf 86' lang='lat' dir='ltr'>voluto,</span> 
     </span>
     <span class='ocr_line' id='line_1_6' title="bbox 143 765 1124 840; baseline -0.005 -16"><span class='ocrx_word' id='word_1_37' title='bbox 143 765 167 824; x_wconf 89' lang='lat' dir='ltr'>si</span> <span class='ocrx_word' id='word_1_38' title='bbox 187 765 297 824; x_wconf 91' lang='lat' dir='ltr'>valeam</span> <span class='ocrx_word' id='word_1_39' title='bbox 318 767 500 837; x_wconf 88' lang='lat' dir='ltr'>meminisse;</span> <span class='ocrx_word' id='word_1_40' title='bbox 530 783 625 840; x_wconf 90' lang='lat' dir='ltr'>neque</span> <span class='ocrx_word' id='word_1_41' title='bbox 647 775 691 823; x_wconf 90' lang='lat' dir='ltr'>est</span> <span class='ocrx_word' id='word_1_42' title='bbox 710 765 838 840; x_wconf 86' lang='lat' dir='ltr'>ignobile</span> <span class='ocrx_word' id='word_1_43' title='bbox 859 782 983 822; x_wconf 89' lang='lat' dir='ltr'>carmen.</span> <span class='ocrx_word' id='word_1_44' title='bbox 1123 831 1124 834; x_wconf 7' lang='grc' dir='ltr'><strong>Ἴ</strong></span> 
     </span>
     <span class='ocr_line' id='line_1_7' title="bbox 144 852 1057 930; baseline -0.003 -19"><span class='ocrx_word' id='word_1_45' title='bbox 144 854 230 912; x_wconf 86' lang='lat' dir='ltr'>‘Huc</span> <span class='ocrx_word' id='word_1_46' title='bbox 252 855 330 925; x_wconf 88' lang='lat' dir='ltr'>ades,</span> <span class='ocrx_word' id='word_1_47' title='bbox 352 873 371 914; x_wconf 95' lang='lat' dir='ltr'>o</span> <span class='ocrx_word' id='word_1_48' title='bbox 393 854 529 925; x_wconf 88' lang='lat' dir='ltr'>Galatea;</span> <span class='ocrx_word' id='word_1_49' title='bbox 558 854 622 930; x_wconf 91' lang='lat' dir='ltr'>quis</span> <span class='ocrx_word' id='word_1_50' title='bbox 644 863 687 912; x_wconf 91' lang='lat' dir='ltr'>est</span> <span class='ocrx_word' id='word_1_51' title='bbox 708 871 776 911; x_wconf 90' lang='lat' dir='ltr'>nam</span> <span class='ocrx_word' id='word_1_52' title='bbox 797 853 881 911; x_wconf 92' lang='lat' dir='ltr'>ludus</span> <span class='ocrx_word' id='word_1_53' title='bbox 902 854 933 910; x_wconf 89' lang='lat' dir='ltr'>in</span> <span class='ocrx_word' id='word_1_54' title='bbox 954 852 1057 910; x_wconf 83' lang='lat' dir='ltr'>undis?</span> 
     </span>
    </p>

    <p class='ocr_par' dir='ltr' id='par_1_4' title="bbox 143 942 1189 1192">
     <span class='ocr_line' id='line_1_8' title="bbox 144 942 1189 1018; baseline -0.006 -18"><span class='ocrx_word' id='word_1_55' title='bbox 144 943 202 1001; x_wconf 93' lang='lat' dir='ltr'>Hic</span> <span class='ocrx_word' id='word_1_56' title='bbox 224 962 273 1002; x_wconf 89' lang='lat' dir='ltr'>ver</span> <span class='ocrx_word' id='word_1_57' title='bbox 293 961 479 1018; x_wconf 87' lang='lat' dir='ltr'>purpureum,</span> <span class='ocrx_word' id='word_1_58' title='bbox 500 944 595 1001; x_wconf 90' lang='lat' dir='ltr'>varios</span> <span class='ocrx_word' id='word_1_59' title='bbox 616 943 663 1000; x_wconf 91' lang='lat' dir='ltr'>hic</span> <span class='ocrx_word' id='word_1_60' title='bbox 684 943 803 1000; x_wconf 88' lang='lat' dir='ltr'>flumina</span> <span class='ocrx_word' id='word_1_61' title='bbox 823 942 932 1000; x_wconf 89' lang='lat' dir='ltr'>circum</span> <span class='ocrx_word' id='word_1_62' title='bbox 1156 963 1189 1010; x_wconf 81' lang='lat'>40</span> 
     </span>
     <span class='ocr_line' id='line_1_9' title="bbox 143 1029 1162 1113; baseline 0.001 -26"><span class='ocrx_word' id='word_1_63' title='bbox 143 1030 237 1090; x_wconf 83' lang='lat' dir='ltr'>fundit</span> <span class='ocrx_word' id='word_1_64' title='bbox 258 1032 363 1090; x_wconf 92' lang='lat' dir='ltr'>humus</span> <span class='ocrx_word' id='word_1_65' title='bbox 384 1032 478 1102; x_wconf 87' lang='lat' dir='ltr'>flores,</span> <span class='ocrx_word' id='word_1_66' title='bbox 500 1031 547 1089; x_wconf 93' lang='lat' dir='ltr'>hic</span> <span class='ocrx_word' id='word_1_67' title='bbox 569 1031 693 1090; x_wconf 89' lang='lat' dir='ltr'>candida</span> <span class='ocrx_word' id='word_1_68' title='bbox 713 1030 839 1113; x_wconf 86' lang='lat' dir='ltr'>populus</span> <span class='ocrx_word' id='word_1_69' title='bbox 863 1041 944 1089; x_wconf 91' lang='lat' dir='ltr'>antro</span> <span class='ocrx_word' id='word_1_70' title='bbox 1155 1029 1162 1044; x_wconf 73' lang='lat'><em>⁴</em></span> 
     </span>
     <span class='ocr_line' id='line_1_10' title="bbox 144 1093 868 1192; baseline 0 -15"><span class='ocrx_word' id='word_1_71' title='bbox 144 1121 285 1192; x_wconf 87' lang='lat' dir='ltr'>imminet,</span> <span class='ocrx_word' id='word_1_72' title='bbox 306 1131 335 1180; x_wconf 88' lang='lat' dir='ltr'>et</span> <span class='ocrx_word' id='word_1_73' title='bbox 355 1120 450 1178; x_wconf 89' lang='lat' dir='ltr'>lentae</span> <span class='ocrx_word' id='word_1_74' title='bbox 472 1129 571 1178; x_wconf 85' lang='lat' dir='ltr'>texunt</span> <span class='ocrx_word' id='word_1_75' title='bbox 592 1093 868 1179; x_wconf 52' lang='lat' dir='ltr'>umdffdddla&#39;mtes:</span> 
     </span>
    </p>

    <p class='ocr_par' dir='ltr' id='par_1_5' title="bbox 99 1205 886 1282">
     <span class='ocr_line' id='line_1_11' title="bbox 99 1205 886 1282; baseline 0.001 -16"><span class='ocrx_word' id='word_1_76' title='bbox 99 1244 102 1253; x_wconf 89' lang='lat'><em>·</em></span> <span class='ocrx_word' id='word_1_77' title='bbox 144 1210 200 1267; x_wconf 93' lang='lat' dir='ltr'>huc</span> <span class='ocrx_word' id='word_1_78' title='bbox 221 1210 290 1268; x_wconf 91' lang='lat' dir='ltr'>ades</span> <span class='ocrx_word' id='word_1_79' title='bbox 301 1229 310 1282; x_wconf 83' lang='lat'><em>3</em></span> <span class='ocrx_word' id='word_1_80' title='bbox 339 1210 434 1267; x_wconf 88' lang='lat' dir='ltr'>insani</span> <span class='ocrx_word' id='word_1_81' title='bbox 454 1209 557 1267; x_wconf 88' lang='lat' dir='ltr'>feriant</span> <span class='ocrx_word' id='word_1_82' title='bbox 579 1209 640 1267; x_wconf 92' lang='lat' dir='ltr'>sine</span> <span class='ocrx_word' id='word_1_83' title='bbox 661 1209 744 1267; x_wconf 90' lang='lat' dir='ltr'>litora</span> <span class='ocrx_word' id='word_1_84' title='bbox 764 1205 886 1267; x_wconf 67' lang='lat' dir='ltr'>fluctus!</span> 
     </span>
    </p>

    <p class='ocr_par' dir='ltr' id='par_1_6' title="bbox 144 1297 1187 1552">
     <span class='ocr_line' id='line_1_12' title="bbox 184 1297 1043 1374; baseline -0.001 -18"><span class='ocrx_word' id='word_1_85' title='bbox 184 1298 222 1356; x_wconf 87' lang='lat' dir='ltr'>L.</span> <span class='ocrx_word' id='word_1_86' title='bbox 245 1297 333 1369; x_wconf 90' lang='lat' dir='ltr'>Quid,</span> <span class='ocrx_word' id='word_1_87' title='bbox 355 1316 429 1374; x_wconf 89' lang='lat' dir='ltr'>quae</span> <span class='ocrx_word' id='word_1_88' title='bbox 450 1308 479 1356; x_wconf 93' lang='lat' dir='ltr'>te</span> <span class='ocrx_word' id='word_1_89' title='bbox 499 1315 571 1372; x_wconf 92' lang='lat' dir='ltr'>pura</span> <span class='ocrx_word' id='word_1_90' title='bbox 592 1297 686 1356; x_wconf 92' lang='lat' dir='ltr'>solum</span> <span class='ocrx_word' id='word_1_91' title='bbox 707 1299 761 1357; x_wconf 92' lang='lat' dir='ltr'>sub</span> <span class='ocrx_word' id='word_1_92' title='bbox 782 1308 868 1356; x_wconf 91' lang='lat' dir='ltr'>nocte</span> <span class='ocrx_word' id='word_1_93' title='bbox 889 1309 1043 1358; x_wconf 83' lang='lat' dir='ltr'><strong>canentem</strong></span> 
     </span>
     <span class='ocr_line' id='line_1_13' title="bbox 144 1386 1187 1458; baseline -0.001 -14"><span class='ocrx_word' id='word_1_94' title='bbox 144 1387 310 1445; x_wconf 84' lang='lat' dir='ltr'>audieram?</span> <span class='ocrx_word' id='word_1_95' title='bbox 339 1404 476 1444; x_wconf 91' lang='lat' dir='ltr'>numeros</span> <span class='ocrx_word' id='word_1_96' title='bbox 496 1386 623 1458; x_wconf 89' lang='lat' dir='ltr'>memini,</span> <span class='ocrx_word' id='word_1_97' title='bbox 646 1387 669 1444; x_wconf 92' lang='lat' dir='ltr'>si</span> <span class='ocrx_word' id='word_1_98' title='bbox 690 1389 776 1445; x_wconf 90' lang='lat' dir='ltr'>verba</span> <span class='ocrx_word' id='word_1_99' title='bbox 798 1398 934 1445; x_wconf 89' lang='lat' dir='ltr'>tenerem.</span> <span class='ocrx_word' id='word_1_100' title='bbox 1157 1408 1187 1457; x_wconf 86' lang='lat'>45</span> 
     </span>
     <span class='ocr_line' id='line_1_14' title="bbox 145 1475 972 1552; baseline 0 -20"><span class='ocrx_word' id='word_1_101' title='bbox 145 1475 287 1550; x_wconf 71' lang='lat' dir='ltr'>‘Daphni</span> <span class='ocrx_word' id='word_1_102' title='bbox 311 1476 380 1551; x_wconf 91' lang='lat' dir='ltr'>quid</span> <span class='ocrx_word' id='word_1_103' title='bbox 400 1475 536 1550; x_wconf 88' lang='lat' dir='ltr'>antiquos</span> <span class='ocrx_word' id='word_1_104' title='bbox 557 1476 707 1549; x_wconf 92' lang='lat' dir='ltr'>signorum</span> <span class='ocrx_word' id='word_1_105' title='bbox 728 1477 851 1552; x_wconf 90' lang='lat' dir='ltr'>suspicis</span> <span class='ocrx_word' id='word_1_106' title='bbox 872 1475 972 1534; x_wconf 86' lang='lat' dir='ltr'>ortus?</span> 
     </span>
    </p>

    <p class='ocr_par' dir='ltr' id='par_1_7' title="bbox 145 1563 819 1648">
     <span class='ocr_line' id='line_1_15' title="bbox 145 1563 819 1648; baseline 0.004 -28"><span class='ocrx_word' id='word_1_107' title='bbox 145 1563 223 1624; x_wconf 92' lang='lat' dir='ltr'>Ecce</span> <span class='ocrx_word' id='word_1_108' title='bbox 244 1563 369 1622; x_wconf 81' lang='lat' dir='ltr'>Dionaei</span> <span class='ocrx_word' id='word_1_109' title='bbox 390 1564 529 1640; x_wconf 90' lang='lat' dir='ltr'>processit</span> <span class='ocrx_word' id='word_1_110' title='bbox 551 1563 681 1624; x_wconf 84' lang='lat' dir='ltr'>Caesaris</span> <span class='ocrx_word' id='word_1_111' title='bbox 703 1576 819 1648; x_wconf 89' lang='lat' dir='ltr'>astrum,</span> 
     </span>
    </p>

    <p class='ocr_par' dir='ltr' id='par_1_8' title="bbox 145 1651 935 1732">
     <span class='ocr_line' id='line_1_16' title="bbox 145 1651 935 1732; baseline 0.001 -19"><span class='ocrx_word' id='word_1_112' title='bbox 145 1666 261 1726; x_wconf 91' lang='lat' dir='ltr'>astrum,</span> <span class='ocrx_word' id='word_1_113' title='bbox 283 1674 342 1732; x_wconf 91' lang='lat' dir='ltr'>quo</span> <span class='ocrx_word' id='word_1_114' title='bbox 365 1651 478 1730; x_wconf 88' lang='lat' dir='ltr'>segetes</span> <span class='ocrx_word' id='word_1_115' title='bbox 499 1654 658 1730; x_wconf 85' lang='lat' dir='ltr'>gauderent</span> <span class='ocrx_word' id='word_1_116' title='bbox 678 1654 807 1730; x_wconf 84' lang='lat' dir='ltr'>frugibus</span> <span class='ocrx_word' id='word_1_117' title='bbox 827 1666 855 1713; x_wconf 91' lang='lat' dir='ltr'>et</span> <span class='ocrx_word' id='word_1_118' title='bbox 876 1674 935 1732; x_wconf 93' lang='lat' dir='ltr'>quo</span> 
     </span>
    </p>

    <p class='ocr_par' dir='ltr' id='par_1_9' title="bbox 146 1743 810 1820">
     <span class='ocr_line' id='line_1_17' title="bbox 146 1743 810 1820; baseline 0.002 -19"><span class='ocrx_word' id='word_1_119' title='bbox 146 1745 262 1802; x_wconf 88' lang='lat' dir='ltr'>duceret</span> <span class='ocrx_word' id='word_1_120' title='bbox 282 1745 384 1820; x_wconf 88' lang='lat' dir='ltr'>apricis</span> <span class='ocrx_word' id='word_1_121' title='bbox 405 1745 435 1801; x_wconf 91' lang='lat' dir='ltr'>in</span> <span class='ocrx_word' id='word_1_122' title='bbox 456 1743 578 1802; x_wconf 91' lang='lat' dir='ltr'>collibus</span> <span class='ocrx_word' id='word_1_123' title='bbox 598 1762 654 1801; x_wconf 93' lang='lat' dir='ltr'>uva</span> <span class='ocrx_word' id='word_1_124' title='bbox 674 1744 810 1803; x_wconf 89' lang='lat' dir='ltr'>colorem.</span> 
     </span>
    </p>

    <p class='ocr_par' dir='ltr' id='par_1_10' title="bbox 146 1833 1190 1910">
     <span class='ocr_line' id='line_1_18' title="bbox 146 1833 1190 1910; baseline 0.002 -20"><span class='ocrx_word' id='word_1_125' title='bbox 146 1834 252 1903; x_wconf 89' lang='lat' dir='ltr'>Insere,</span> <span class='ocrx_word' id='word_1_126' title='bbox 273 1834 398 1910; x_wconf 88' lang='lat' dir='ltr'>Daphni,</span> <span class='ocrx_word' id='word_1_127' title='bbox 420 1833 499 1909; x_wconf 88' lang='lat' dir='ltr'>piros</span> <span class='ocrx_word' id='word_1_128' title='bbox 510 1853 519 1906; x_wconf 80' lang='lat'>3</span> <span class='ocrx_word' id='word_1_129' title='bbox 547 1844 666 1909; x_wconf 85' lang='lat' dir='ltr'>carpent</span> <span class='ocrx_word' id='word_1_130' title='bbox 686 1843 736 1892; x_wconf 90' lang='lat' dir='ltr'>tua</span> <span class='ocrx_word' id='word_1_131' title='bbox 756 1854 846 1910; x_wconf 90' lang='lat' dir='ltr'>poma</span> <span class='ocrx_word' id='word_1_132' title='bbox 866 1834 1005 1910; x_wconf 68' lang='lat' dir='ltr'>nepotes!</span> <span class='ocrx_word' id='word_1_133' title='bbox 1158 1858 1190 1906; x_wconf 82' lang='lat'>50</span> 
     </span>
    </p>

    <p class='ocr_par' dir='ltr' id='par_1_11' title="bbox 147 1922 1175 2086">
     <span class='ocr_line' id='line_1_19' title="bbox 185 1922 1175 2000; baseline 0 -19"><span class='ocrx_word' id='word_1_134' title='bbox 185 1922 233 1981; x_wconf 92' lang='lat' dir='ltr'>M.</span> <span class='ocrx_word' id='word_1_135' title='bbox 255 1923 363 1982; x_wconf 89' lang='lat' dir='ltr'>Omnia</span> <span class='ocrx_word' id='word_1_136' title='bbox 383 1923 437 1982; x_wconf 83' lang='lat' dir='ltr'>fert</span> <span class='ocrx_word' id='word_1_137' title='bbox 457 1935 544 1992; x_wconf 87' lang='lat' dir='ltr'>aetas,</span> <span class='ocrx_word' id='word_1_138' title='bbox 566 1924 696 1981; x_wconf 90' lang='lat' dir='ltr'>animum</span> <span class='ocrx_word' id='word_1_139' title='bbox 717 1942 853 2000; x_wconf 88' lang='lat' dir='ltr'>quoque;</span> <span class='ocrx_word' id='word_1_140' title='bbox 884 1942 972 1999; x_wconf 90' lang='lat' dir='ltr'>saepe</span> <span class='ocrx_word' id='word_1_141' title='bbox 993 1940 1049 1998; x_wconf 85' lang='lat' dir='ltr'>ego</span> <span class='ocrx_word' id='word_1_142' title='bbox 1070 1922 1175 1999; x_wconf 88' lang='lat' dir='ltr'>longos</span> 
     </span>
     <span class='ocr_line' id='line_1_20' title="bbox 147 2011 908 2086; baseline 0 -16"><span class='ocrx_word' id='word_1_143' title='bbox 147 2012 291 2070; x_wconf 88' lang='lat' dir='ltr'>cantando</span> <span class='ocrx_word' id='word_1_144' title='bbox 311 2030 434 2086; x_wconf 91' lang='lat' dir='ltr'>puerum</span> <span class='ocrx_word' id='word_1_145' title='bbox 456 2011 575 2070; x_wconf 89' lang='lat' dir='ltr'>memini</span> <span class='ocrx_word' id='word_1_146' title='bbox 596 2030 644 2069; x_wconf 91' lang='lat' dir='ltr'>me</span> <span class='ocrx_word' id='word_1_147' title='bbox 667 2014 792 2071; x_wconf 86' lang='lat' dir='ltr'>condere</span> <span class='ocrx_word' id='word_1_148' title='bbox 814 2013 908 2071; x_wconf 90' lang='lat' dir='ltr'>soles:</span> 
     </span>
    </p>

    <p class='ocr_par' dir='ltr' id='par_1_12' title="bbox 25 2098 1192 3242">
     <span class='ocr_line' id='line_1_21' title="bbox 102 2098 1027 2178; baseline 0.001 -21"><span class='ocrx_word' id='word_1_149' title='bbox 102 2098 103 2103; x_wconf 72' lang='grc'>’</span> <span class='ocrx_word' id='word_1_150' title='bbox 146 2118 224 2158; x_wconf 89' lang='lat' dir='ltr'>nunc</span> <span class='ocrx_word' id='word_1_151' title='bbox 244 2100 334 2158; x_wconf 88' lang='lat' dir='ltr'>oblita</span> <span class='ocrx_word' id='word_1_152' title='bbox 354 2101 424 2157; x_wconf 90' lang='lat' dir='ltr'>mihi</span> <span class='ocrx_word' id='word_1_153' title='bbox 445 2110 488 2159; x_wconf 93' lang='lat' dir='ltr'>tot</span> <span class='ocrx_word' id='word_1_154' title='bbox 509 2101 652 2172; x_wconf 89' lang='lat' dir='ltr'>carmina;</span> <span class='ocrx_word' id='word_1_155' title='bbox 681 2121 738 2160; x_wconf 85' lang='lat' dir='ltr'>vox</span> <span class='ocrx_word' id='word_1_156' title='bbox 760 2120 878 2178; x_wconf 93' lang='lat' dir='ltr'>quoque</span> <span class='ocrx_word' id='word_1_157' title='bbox 899 2101 1027 2159; x_wconf 88' lang='lat' dir='ltr'>Moerim</span> 
     </span>
     <span class='ocr_line' id='line_1_22' title="bbox 107 2189 890 2267; baseline 0 -19"><span class='ocrx_word' id='word_1_158' title='bbox 107 2229 109 2238; x_wconf 88' lang='lat'><em>·</em></span> <span class='ocrx_word' id='word_1_159' title='bbox 147 2193 204 2248; x_wconf 86' lang='lat' dir='ltr'>iarn</span> <span class='ocrx_word' id='word_1_160' title='bbox 225 2189 298 2266; x_wconf 85' lang='lat' dir='ltr'>fugit</span> <span class='ocrx_word' id='word_1_161' title='bbox 318 2191 397 2266; x_wconf 88' lang='lat' dir='ltr'>ipsa;</span> <span class='ocrx_word' id='word_1_162' title='bbox 426 2191 486 2266; x_wconf 91' lang='lat' dir='ltr'>lupi</span> <span class='ocrx_word' id='word_1_163' title='bbox 508 2190 633 2249; x_wconf 92' lang='lat' dir='ltr'>Moerim</span> <span class='ocrx_word' id='word_1_164' title='bbox 655 2192 750 2250; x_wconf 86' lang='lat' dir='ltr'>videre</span> <span class='ocrx_word' id='word_1_165' title='bbox 771 2193 890 2267; x_wconf 88' lang='lat' dir='ltr'>priores.</span> 
     </span>
     <span class='ocr_line' id='line_1_23' title="bbox 59 2279 964 2361; baseline 0.007 -27"><span class='ocrx_word' id='word_1_166' title='bbox 59 2301 62 2305; x_wconf 56' lang='lat'><strong><em>¹</em></strong></span> <span class='ocrx_word' id='word_1_167' title='bbox 109 2284 115 2334; x_wconf 79' lang='lat' dir='ltr'>l</span> <span class='ocrx_word' id='word_1_168' title='bbox 148 2279 204 2338; x_wconf 88' lang='lat' dir='ltr'>Sed</span> <span class='ocrx_word' id='word_1_169' title='bbox 226 2291 322 2337; x_wconf 91' lang='lat' dir='ltr'>tamen</span> <span class='ocrx_word' id='word_1_170' title='bbox 343 2282 397 2338; x_wconf 91' lang='lat' dir='ltr'>ista</span> <span class='ocrx_word' id='word_1_171' title='bbox 417 2282 485 2338; x_wconf 92' lang='lat' dir='ltr'>satis</span> <span class='ocrx_word' id='word_1_172' title='bbox 505 2281 608 2338; x_wconf 83' lang='lat' dir='ltr'>referet</span> <span class='ocrx_word' id='word_1_173' title='bbox 628 2281 678 2338; x_wconf 92' lang='lat' dir='ltr'>tibi</span> <span class='ocrx_word' id='word_1_174' title='bbox 700 2300 786 2357; x_wconf 86' lang='lat' dir='ltr'>saepe</span> <span class='ocrx_word' id='word_1_175' title='bbox 809 2281 964 2361; x_wconf 83' lang='lat' dir='ltr'>Menalcas.</span> 
     </span>
     <span class='ocr_line' id='line_1_24' title="bbox 187 2368 976 2446; baseline 0.004 -21"><span class='ocrx_word' id='word_1_176' title='bbox 187 2368 226 2425; x_wconf 87' lang='lat' dir='ltr'>L.</span> <span class='ocrx_word' id='word_1_177' title='bbox 249 2368 405 2428; x_wconf 88' lang='lat' dir='ltr'>Causando</span> <span class='ocrx_word' id='word_1_178' title='bbox 426 2379 540 2428; x_wconf 91' lang='lat' dir='ltr'>nostros</span> <span class='ocrx_word' id='word_1_179' title='bbox 560 2369 590 2426; x_wconf 89' lang='lat' dir='ltr'>in</span> <span class='ocrx_word' id='word_1_180' title='bbox 611 2370 732 2446; x_wconf 90' lang='lat' dir='ltr'>longum</span> <span class='ocrx_word' id='word_1_181' title='bbox 754 2371 835 2429; x_wconf 89' lang='lat' dir='ltr'>ducis</span> <span class='ocrx_word' id='word_1_182' title='bbox 855 2388 976 2429; x_wconf 87' lang='lat' dir='ltr'>amores.</span> 
     </span>
     <span class='ocr_line' id='line_1_25' title="bbox 146 2450 1008 2535; baseline 0.003 -22"><span class='ocrx_word' id='word_1_183' title='bbox 146 2457 184 2516; x_wconf 88' lang='lat' dir='ltr'>Et</span> <span class='ocrx_word' id='word_1_184' title='bbox 205 2477 283 2516; x_wconf 91' lang='lat' dir='ltr'>nuuc</span> <span class='ocrx_word' id='word_1_185' title='bbox 296 2450 393 2516; x_wconf 77' lang='lat' dir='ltr'>¹omne</span> <span class='ocrx_word' id='word_1_186' title='bbox 413 2459 463 2515; x_wconf 93' lang='lat' dir='ltr'>tibi</span> <span class='ocrx_word' id='word_1_187' title='bbox 485 2469 603 2515; x_wconf 88' lang='lat' dir='ltr'>stratum</span> <span class='ocrx_word' id='word_1_188' title='bbox 625 2459 687 2516; x_wconf 92' lang='lat' dir='ltr'>silet</span> <span class='ocrx_word' id='word_1_189' title='bbox 707 2478 825 2535; x_wconf 89' lang='lat' dir='ltr'>aequor,</span> <span class='ocrx_word' id='word_1_190' title='bbox 846 2469 875 2517; x_wconf 95' lang='lat' dir='ltr'>et</span> <span class='ocrx_word' id='word_1_191' title='bbox 895 2476 1008 2529; x_wconf 88' lang='lat' dir='ltr'>omnes,</span> 
     </span>
     <span class='ocr_line' id='line_1_26' title="bbox 147 2547 1168 2624; baseline 0.006 -20"><span class='ocrx_word' id='word_1_192' title='bbox 147 2549 252 2623; x_wconf 90' lang='lat' dir='ltr'>aspice,</span> <span class='ocrx_word' id='word_1_193' title='bbox 273 2547 384 2605; x_wconf 89' lang='lat' dir='ltr'>ventosi</span> <span class='ocrx_word' id='word_1_194' title='bbox 405 2547 571 2606; x_wconf 91' lang='lat' dir='ltr'>ceciderunt</span> <span class='ocrx_word' id='word_1_195' title='bbox 591 2551 746 2607; x_wconf 92' lang='lat' dir='ltr'>murmuris</span> <span class='ocrx_word' id='word_1_196' title='bbox 766 2569 860 2609; x_wconf 90' lang='lat' dir='ltr'>aurae.</span> <span class='ocrx_word' id='word_1_197' title='bbox 1138 2575 1168 2624; x_wconf 45' lang='grc' dir='ltr'>κ,</span> 
     </span>
     <span class='ocr_line' id='line_1_27' title="bbox 147 2637 1035 2714; baseline -0.001 -18"><span class='ocrx_word' id='word_1_198' title='bbox 147 2637 228 2696; x_wconf 88' lang='lat' dir='ltr'>Hinc</span> <span class='ocrx_word' id='word_1_199' title='bbox 249 2637 323 2696; x_wconf 91' lang='lat' dir='ltr'>adeo</span> <span class='ocrx_word' id='word_1_200' title='bbox 344 2637 440 2694; x_wconf 89' lang='lat' dir='ltr'>media</span> <span class='ocrx_word' id='word_1_201' title='bbox 461 2647 505 2694; x_wconf 90' lang='lat' dir='ltr'>est</span> <span class='ocrx_word' id='word_1_202' title='bbox 526 2638 611 2695; x_wconf 92' lang='lat' dir='ltr'>nobis</span> <span class='ocrx_word' id='word_1_203' title='bbox 626 2639 693 2709; x_wconf 90' lang='lat' dir='ltr'>·via;</span> <span class='ocrx_word' id='word_1_204' title='bbox 723 2657 849 2714; x_wconf 91' lang='lat' dir='ltr'>namque</span> <span class='ocrx_word' id='word_1_205' title='bbox 870 2637 1035 2714; x_wconf 90' lang='lat' dir='ltr'>sepulcrum</span> 
     </span>
     <span class='ocr_line' id='line_1_28' title="bbox 81 2724 1192 2807; baseline 0.002 -24"><span class='ocrx_word' id='word_1_206' title='bbox 81 2803 84 2807; x_wconf 15' lang='grc' dir='ltr'><em>ι</em></span> <span class='ocrx_word' id='word_1_207' title='bbox 147 2727 249 2802; x_wconf 91' lang='lat' dir='ltr'>incipit</span> <span class='ocrx_word' id='word_1_208' title='bbox 268 2743 406 2800; x_wconf 89' lang='lat' dir='ltr'>apparere</span> <span class='ocrx_word' id='word_1_209' title='bbox 428 2724 577 2782; x_wconf 88' lang='lat' dir='ltr'>Bianoris:</span> <span class='ocrx_word' id='word_1_210' title='bbox 606 2724 662 2793; x_wconf 88' lang='lat' dir='ltr'>hic,</span> <span class='ocrx_word' id='word_1_211' title='bbox 683 2727 732 2783; x_wconf 93' lang='lat' dir='ltr'>ubi</span> <span class='ocrx_word' id='word_1_212' title='bbox 754 2727 868 2806; x_wconf 50' lang='lat' dir='ltr'>densas*</span> <span class='ocrx_word' id='word_1_213' title='bbox 1160 2735 1192 2785; x_wconf 89' lang='lat'>60</span> 
     </span>
     <span class='ocr_line' id='line_1_29' title="bbox 148 2812 990 2890; baseline 0.001 -17"><span class='ocrx_word' id='word_1_214' title='bbox 148 2815 291 2890; x_wconf 86' lang='lat' dir='ltr'>agricolae</span> <span class='ocrx_word' id='word_1_215' title='bbox 313 2815 456 2888; x_wconf 89' lang='lat' dir='ltr'>stringunt</span> <span class='ocrx_word' id='word_1_216' title='bbox 476 2812 601 2883; x_wconf 84' lang='lat' dir='ltr'>frondes,</span> <span class='ocrx_word' id='word_1_217' title='bbox 626 2813 682 2884; x_wconf 91' lang='lat' dir='ltr'>hic,</span> <span class='ocrx_word' id='word_1_218' title='bbox 704 2815 806 2885; x_wconf 90' lang='lat' dir='ltr'>Moeri,</span> <span class='ocrx_word' id='word_1_219' title='bbox 828 2833 990 2874; x_wconf 79' lang='lat' dir='ltr'>canamus:</span> 
     </span>
     <span class='ocr_line' id='line_1_30' title="bbox 148 2903 939 2976; baseline 0 -15"><span class='ocrx_word' id='word_1_220' title='bbox 148 2905 195 2962; x_wconf 90' lang='lat' dir='ltr'>hic</span> <span class='ocrx_word' id='word_1_221' title='bbox 216 2903 325 2961; x_wconf 89' lang='lat' dir='ltr'>haedos</span> <span class='ocrx_word' id='word_1_222' title='bbox 346 2903 476 2976; x_wconf 66' lang='lat' dir='ltr'>depone.</span> <span class='ocrx_word' id='word_1_223' title='bbox 491 2912 589 2959; x_wconf 89' lang='lat' dir='ltr'>tamen</span> <span class='ocrx_word' id='word_1_224' title='bbox 610 2904 758 2961; x_wconf 84' lang='lat' dir='ltr'>veniemus</span> <span class='ocrx_word' id='word_1_225' title='bbox 779 2905 809 2960; x_wconf 90' lang='lat' dir='ltr'>in</span> <span class='ocrx_word' id='word_1_226' title='bbox 830 2905 939 2962; x_wconf 90' lang='lat' dir='ltr'>urbem.</span> 
     </span>
     <span class='ocr_line' id='line_1_31' title="bbox 46 2991 940 3067; baseline -0.001 -16"><span class='ocrx_word' id='word_1_227' title='bbox 46 3058 49 3063; x_wconf 48' lang='grc'><em>,</em></span> <span class='ocrx_word' id='word_1_228' title='bbox 127 2996 208 3061; x_wconf 85' lang='lat' dir='ltr'>,Aut</span> <span class='ocrx_word' id='word_1_229' title='bbox 229 2994 261 3063; x_wconf 92' lang='lat' dir='ltr'>si,</span> <span class='ocrx_word' id='word_1_230' title='bbox 282 3010 342 3051; x_wconf 85' lang='lat' dir='ltr'>nox</span> <span class='ocrx_word' id='word_1_231' title='bbox 363 2992 489 3067; x_wconf 89' lang='lat' dir='ltr'>pluviam</span> <span class='ocrx_word' id='word_1_232' title='bbox 510 3008 548 3049; x_wconf 92' lang='lat' dir='ltr'>ne</span> <span class='ocrx_word' id='word_1_233' title='bbox 569 2991 685 3067; x_wconf 89' lang='lat' dir='ltr'>colligat</span> <span class='ocrx_word' id='word_1_234' title='bbox 705 3003 781 3062; x_wconf 88' lang='lat' dir='ltr'>ante,</span> <span class='ocrx_word' id='word_1_235' title='bbox 803 3007 940 3064; x_wconf 88' lang='lat' dir='ltr'>veremur,</span> 
     </span>
     <span class='ocr_line' id='line_1_32' title="bbox 106 3064 948 3157; baseline 0 -18"><span class='ocrx_word' id='word_1_236' title='bbox 106 3064 130 3126; x_wconf 54' lang='lat'>⁸2¹</span> <span class='ocrx_word' id='word_1_237' title='bbox 150 3090 299 3140; x_wconf 89' lang='lat' dir='ltr'>cantantes</span> <span class='ocrx_word' id='word_1_238' title='bbox 318 3080 384 3137; x_wconf 87' lang='lat' dir='ltr'>licet</span> <span class='ocrx_word' id='word_1_239' title='bbox 405 3098 497 3154; x_wconf 94' lang='lat' dir='ltr'>usque</span> <span class='ocrx_word' id='word_1_240' title='bbox 518 3077 632 3157; x_wconf 87' lang='lat' dir='ltr'>(minus</span> <span class='ocrx_word' id='word_1_241' title='bbox 646 3081 691 3136; x_wconf 91' lang='lat' dir='ltr'>via</span> <span class='ocrx_word' id='word_1_242' title='bbox 712 3077 810 3156; x_wconf 78' lang='lat' dir='ltr'>laedit)</span> <span class='ocrx_word' id='word_1_243' title='bbox 831 3099 948 3153; x_wconf 83' lang='lat' dir='ltr'>eamus3</span> 
     </span>
     <span class='ocr_line' id='line_1_33' title="bbox 25 3165 1190 3242; baseline -0.002 -13"><span class='ocrx_word' id='word_1_244' title='bbox 25 3165 32 3175; x_wconf 48' lang='lat'>⁸</span> <span class='ocrx_word' id='word_1_245' title='bbox 150 3180 299 3229; x_wconf 91' lang='lat' dir='ltr'>cantantes</span> <span class='ocrx_word' id='word_1_246' title='bbox 319 3179 351 3227; x_wconf 92' lang='lat' dir='ltr'>ut</span> <span class='ocrx_word' id='word_1_247' title='bbox 371 3186 481 3236; x_wconf 89' lang='lat' dir='ltr'>eamus,</span> <span class='ocrx_word' id='word_1_248' title='bbox 503 3185 560 3242; x_wconf 89' lang='lat' dir='ltr'>ego</span> <span class='ocrx_word' id='word_1_249' title='bbox 581 3169 638 3226; x_wconf 90' lang='lat' dir='ltr'>hoc</span> <span class='ocrx_word' id='word_1_250' title='bbox 659 3178 686 3225; x_wconf 91' lang='lat' dir='ltr'>te</span> <span class='ocrx_word' id='word_1_251' title='bbox 706 3168 784 3227; x_wconf 83' lang='lat' dir='ltr'>fasce</span> <span class='ocrx_word' id='word_1_252' title='bbox 805 3171 916 3228; x_wconf 91' lang='lat' dir='ltr'>levabo.</span> <span class='ocrx_word' id='word_1_253' title='bbox 1161 3180 1190 3240; x_wconf 81' lang='lat'>⁶5</span> 
     </span>
    </p>

    <p class='ocr_par' dir='ltr' id='par_1_13' title="bbox 190 3256 1094 3333">
     <span class='ocr_line' id='line_1_34' title="bbox 190 3256 1094 3333; baseline 0.003 -19"><span class='ocrx_word' id='word_1_254' title='bbox 190 3257 237 3314; x_wconf 90' lang='lat' dir='ltr'>M.</span> <span class='ocrx_word' id='word_1_255' title='bbox 259 3256 367 3314; x_wconf 91' lang='lat' dir='ltr'>Desine</span> <span class='ocrx_word' id='word_1_256' title='bbox 389 3257 480 3331; x_wconf 89' lang='lat' dir='ltr'>plura,</span> <span class='ocrx_word' id='word_1_257' title='bbox 500 3274 580 3331; x_wconf 91' lang='lat' dir='ltr'>puer,</span> <span class='ocrx_word' id='word_1_258' title='bbox 602 3264 630 3314; x_wconf 91' lang='lat' dir='ltr'>et</span> <span class='ocrx_word' id='word_1_259' title='bbox 651 3258 731 3331; x_wconf 93' lang='lat' dir='ltr'>quod</span> <span class='ocrx_word' id='word_1_260' title='bbox 752 3276 829 3316; x_wconf 90' lang='lat' dir='ltr'>nunc</span> <span class='ocrx_word' id='word_1_261' title='bbox 850 3259 936 3315; x_wconf 90' lang='lat' dir='ltr'>instat</span> <span class='ocrx_word' id='word_1_262' title='bbox 956 3276 1094 3333; x_wconf 88' lang='lat' dir='ltr'>agamus:</span> 
     </span>
    </p>

    <p class='ocr_par' dir='ltr' id='par_1_14' title="bbox 151 3344 965 3422">
     <span class='ocr_line' id='line_1_35' title="bbox 151 3344 965 3422; baseline -0.002 -18"><span class='ocrx_word' id='word_1_263' title='bbox 151 3349 279 3404; x_wconf 88' lang='lat' dir='ltr'>carmina</span> <span class='ocrx_word' id='word_1_264' title='bbox 299 3353 360 3402; x_wconf 93' lang='lat' dir='ltr'>tum</span> <span class='ocrx_word' id='word_1_265' title='bbox 381 3344 491 3415; x_wconf 80' lang='lat' dir='ltr'>meliuS,</span> <span class='ocrx_word' id='word_1_266' title='bbox 513 3362 580 3403; x_wconf 91' lang='lat' dir='ltr'>cum</span> <span class='ocrx_word' id='word_1_267' title='bbox 601 3346 708 3402; x_wconf 92' lang='lat' dir='ltr'>venerit</span> <span class='ocrx_word' id='word_1_268' title='bbox 729 3345 801 3422; x_wconf 92' lang='lat' dir='ltr'>ipse,</span> <span class='ocrx_word' id='word_1_269' title='bbox 820 3362 965 3404; x_wconf 89' lang='lat' dir='ltr'>canemus.</span> 
     </span>
    </p>
   </div>
   <div class='ocr_carea' id='block_1_3' title="bbox 1253 1372 1338 1418">
    <p class='ocr_par' dir='ltr' id='par_1_15' title="bbox 1253 1372 1338 1418">
     <span class='ocr_line' id='line_1_36' title="bbox 1253 1372 1338 1418; baseline 0 0"><span class='ocrx_word' id='word_1_270' title='bbox 1253 1372 1268 1399; x_wconf 42' lang='grc' dir='ltr'>ζ</span> <span class='ocrx_word' id='word_1_271' title='bbox 1335 1408 1338 1418; x_wconf 83' lang='grc' dir='ltr'>ι</span> 
     </span>
    </p>
   </div>
   <div class='ocr_carea' id='block_1_4' title="bbox 1268 2628 1287 2660">
    <p class='ocr_par' dir='ltr' id='par_1_16' title="bbox 1268 2628 1287 2660">
     <span class='ocr_line' id='line_1_37' title="bbox 1268 2628 1287 2660; baseline 0 0"><span class='ocrx_word' id='word_1_272' title='bbox 1268 2628 1287 2660; x_wconf 73' lang='grc' dir='ltr'><em>Ι</em></span> 
     </span>
    </p>
   </div>
   <div class='ocr_carea' id='block_1_5' title="bbox 0 0 1367 4214">
    <p class='ocr_par' dir='ltr' id='par_1_17' title="bbox 0 0 1367 4214">
     <span class='ocr_line' id='line_1_38' title="bbox 0 0 1367 4214; baseline 0 0"><span class='ocrx_word' id='word_1_273' title='bbox 0 0 1367 4214; x_wconf 95' lang='lat' dir='ltr'> </span> 
     </span>
    </p>
   </div>
  </div>
 </body>
</html>
