2706 4208
159 246 198 311 28
577 250 792 306 BUCOLICA.

158 412 286 490 frigidus,
308 431 327 471 ο
348 413 436 488 pueri,
458 412 547 487 fugite
568 413 645 483 hine,
666 412 736 471 latet
757 412 859 488 anguis
881 413 911 471 in
931 413 1029 471 herba.
1056 423 1059 428 “

197 501 246 559 M.
268 501 387 572 Parcite,
409 519 487 571 oves,
509 501 632 559 nimium
653 501 829 577 procedere:
859 518 920 558 non
940 501 1014 581 bene
1028 499 1114 579 ¹ripae

158 591 297 662 creditur;
326 591 389 665 ipse
411 592 484 648 aries
506 590 593 647 etiam
614 608 694 647 nuuc
714 591 817 648 vellera
838 591 935 648 siccat.
1144 645 1147 652 ,
1175 608 1205 658 95

197 678 238 737 D.
260 679 369 755 Tityre,
391 688 545 754 pascentes
567 697 584 736 a
604 677 725 736 flumine
746 679 822 737 reice
843 678 989 754 capellas:

157 769 229 845 ipse,
249 768 299 825 ubi
320 777 434 842 tempus
455 767 514 836 erit,
537 784 641 825 omnes
653 767 694 823 in
715 766 796 824 fonte
816 766 928 825 lavabo,

197 855 245 914 M.
268 856 372 930 Cogite
393 874 472 926 oveS,
493 856 574 930 pueri
584 875 593 927 3
623 857 647 913 si
667 855 712 913 lac
732 857 909 931 praeceperit
930 864 1035 926 aestus

157 957 189 1006 ut
208 966 308 1023 nuper,
330 945 433 1003 frustra
452 945 648 1020 pressabimus
669 945 759 1003 ubera
779 946 893 1021 palmis.

145 1034 160 1093 l
196 1035 237 1094 D.
259 1035 328 1093 Heu
348 1034 415 1104 heu,
437 1051 526 1109 quam
547 1033 650 1109 pingui
670 1051 769 1092 macer
791 1044 835 1092 est
856 1034 927 1091 mihi
948 1043 1045 1092 taurus
1066 1032 1097 1107 in
1118 1032 1205 1090 ervol

157 1124 240 1183 Idem
260 1141 343 1181 amor
363 1124 482 1180 exitium
503 1123 603 1203 pecori
624 1123 797 1199 pecorisque
818 1125 965 1197 magistro.
1158 1141 1203 1176 101

195 1213 243 1271 M.
265 1212 322 1270 His
343 1221 420 1269 certe
441 1229 536 1287 neque
558 1229 641 1269 amor
661 1229 750 1270 causa
770 1220 831 1271 est:
860 1213 908 1270 vix
930 1211 1046 1270 ossibus
1067 1208 1195 1266 haerent

156 1301 264 1362 Nescio
287 1302 351 1378 quis
372 1312 487 1360 teneros
508 1302 610 1359 oculus
630 1301 701 1358 mihi
723 1301 844 1359 fascinat
865 1319 967 1377 agnos
1065 1347 1068 1354 .
1115 1306 1117 1310 ’

195 1391 245 1451 D.
258 1391 321 1462 Dic,
344 1390 449 1466 quibus
471 1390 501 1447 in
522 1391 674 1449 terris-et
695 1392 750 1448 eris
771 1391 842 1448 mihi
864 1407 989 1466 magnus
1011 1387 1161 1464 Apollo-

155 1492 212 1541 tres
232 1488 330 1556 pateat
350 1478 422 1537 caeli
442 1479 567 1554 spatium
587 1496 649 1536 non
670 1480 793 1554 amplius
814 1480 905 1549 ulnas.
1158 1497 1203 1547 105

195 1570 242 1628 M.
264 1569 329 1640 Dic,
351 1568 456 1643 quibus
477 1568 507 1626 in
529 1568 610 1626 terris
632 1568 759 1644 inscripti
780 1586 819 1626 no
853 1569 901 1626 ina
921 1584 1024 1643 regum

156 1669 311 1719 nascantur
332 1657 437 1728 flores3
467 1667 496 1714 et
516 1655 648 1732 Phyllida
669 1656 749 1716 solus
770 1564 884 1820 habxlqo.

195 1749 234 1807 P.
256 1746 327 1805 Non
348 1757 478 1804 nostrum
499 1745 645 1803 intervos
666 1756 760 1804 tantas
781 1763 848 1803 com
871 1748 960 1803 one're
980 1745 1053 1803 lites

155 1838 193 1897 Et
213 1837 299 1895 vitula
319 1846 351 1893 tu
371 1835 477 1910 dignus
497 1845 525 1892 et
546 1834 602 1905 hic,
624 1843 653 1892 et
674 1835 804 1911 quisquis
826 1852 940 1892 amores

156 1937 205 1986 aut
227 1935 335 1984 metuet
356 1924 464 1994 dulces,
486 1933 534 1982 aut
555 1924 716 2005 experietur
736 1941 859 1981 amaros.

157 2015 288 2075 Claudite
309 2015 367 2071 iam
387 2013 472 2082 rivos,
494 2014 592 2089 pueri:
622 2022 665 2072 sat
686 2022 768 2089 prata
788 2014 929 2072 biberunt.

410 2326 420 2340 .
523 2296 747 2362 ECLOGA
778 2297 834 2362 IV.

159 2461 307 2521 Srcunrnrrs
327 2460 440 2531 Musae,
461 2459 550 2536 paulo
570 2460 682 2518 maiora
702 2461 858 2518 canamus]
926 2522 930 2531 ,

157 2551 228 2609 Non
248 2568 351 2608 omnes
373 2551 487 2608 arbusta
507 2550 606 2608 iuvant
626 2548 808 2625 humilesque
830 2548 974 2624 myricae3

157 2640 182 2698 si
203 2639 334 2697 canimus
355 2638 448 2708 silvas,
470 2637 556 2696 silvae
578 2639 636 2695 sint
656 2637 776 2696 consule
796 2637 910 2712 dignae.

197 2726 307 2784 Ultima
327 2725 449 2802 Cymaei
470 2726 547 2785 venit
567 2727 626 2783 iam
647 2727 781 2784 carminis
802 2736 899 2797 aetas;

156 2834 281 2892 magnus
302 2818 339 2874 ab
359 2817 471 2891 integro
492 2815 653 2874 saeclorum
674 2817 801 2874 nascitur
822 2817 905 2875 ordo.

157 2906 222 2964 Iam
243 2905 315 2962 redit
336 2915 365 2963 et
387 2905 476 2980 virgo,
497 2905 618 2962 redeunt
641 2905 773 2962 Saturnia
793 2922 901 2980 regna;

157 2998 215 3054 iam
236 3012 312 3053 nova
333 2996 488 3070 progenies
509 2993 590 3052 caelo
612 2994 769 3052 demittitur
789 2993 857 3052 alto.

158 3085 206 3143 Tu
227 3085 318 3143 modo
341 3084 471 3143 nascenti
491 3100 592 3159 puerO,
613 3101 673 3159 quo
695 3082 786 3141 ferrea
807 3084 935 3158 primurn

158 3152 275 3234 ddsin‘et'
291 3192 326 3232 ac
347 3181 410 3231 toto
431 3183 528 3248 surget
549 3190 622 3247 gens
644 3190 731 3230 aurea
751 3171 873 3242 mundo,

158 3274 237 3322 casta
258 3263 322 3320 fave
344 3262 471 3320 Lucina:
500 3272 566 3320 tuus
586 3261 644 3319 iam
664 3270 768 3336 regnat
788 3260 905 3336 Apollo.

158 3354 263 3428 Teque
284 3352 359 3410 adeo
381 3351 469 3410 decus
490 3351 548 3408 hoc
570 3351 641 3421 aevi,
663 3360 692 3408 te
714 3349 832 3408 consule
854 3349 946 3418 inibit,

157 3442 255 3514 Pollio,
277 3454 307 3501 et
327 3442 466 3518 incipient
485 3440 586 3515 magni
607 3440 764 3516 procedere
785 3456 901 3496 menses
912 3458 921 3510 3

158 3544 186 3590 te
206 3533 292 3603 dupe.
305 3531 336 3590 -si
357 3549 415 3605 qua
436 3540 556 3588 manent
578 3529 693 3588 sceleris
713 3528 833 3602 vestigia
850 3526 955 3605 nostri,

49 3638 62 3657 ·=
157 3610 234 3678 irrita
255 3629 397 3696 perpetua
417 3619 529 3678 solvent
551 3617 705 3676 formidine
726 3627 822 3674 terras

78 3714 83 3729 ¹
158 3709 210 3767 Ille
232 3710 319 3767 deum
340 3710 429 3766 vitam
450 3707 571 3783 accipiet
593 3707 721 3781 divisque
743 3703 849 3762 videbit

158 3800 315 3874 permixtos
337 3798 449 3869 heroas,
472 3805 500 3855 et
521 3797 583 3872 ipse
604 3795 744 3854 videbitur
765 3793 827 3865 illis,
