2700 4214
152 9 1324 196 wmluwswwwd

506 288 635 345 LIBER
655 287 700 344 ΙΙ.
724 279 885 364 341-418.
1177 278 1217 362 69

174 451 245 512 Non
266 452 351 512 aliam
372 452 412 511 ob
432 450 548 529 culpam
569 449 687 510 Baccho
709 469 797 527 caper
816 450 952 510 omnibus
974 449 1029 510 aris
1169 459 1218 523 380

174 543 301 602 caeditur
322 552 351 600 et
371 550 481 600 veteres
501 542 602 599 ineunt
622 542 796 617 proscaenia
816 541 883 609 ludi,

174 633 360 708 praemiaque
380 632 412 690 in
432 640 535 708 gentes
555 649 650 708 pagos
671 641 700 690 et
721 632 849 707 compita
870 631 979 689 circum

174 723 320 783 Thesidae
339 741 474 800 posuere,
495 734 582 799 atque
603 724 677 782 inter
696 723 805 799 pocula
825 723 892 781 laeti

173 813 308 872 mollibus
328 814 359 870 in
379 813 468 889 pratis
488 821 592 871 unctos
613 812 724 870 saluere
744 830 797 886 per
817 821 904 871 utres.

174 899 238 959 Nec
258 918 320 958 non
339 900 464 971 Ausonii
485 899 576 959 Troia
597 918 671 976 gens
691 901 781 958 missa
801 899 899 958 coloni

173 993 302 1052 versibus
322 993 480 1068 incomptis
500 992 604 1051 ludunt
622 993 739 1069 risuque
761 991 866 1062 soluto,

173 1099 281 1157 oraque
302 1082 455 1141 corticibus
476 1092 594 1140 sumunt
614 1081 758 1141 horrenda
778 1082 894 1152 cavatis,

173 1182 202 1230 et
221 1183 259 1244 te,
280 1172 404 1243 Bacche,
424 1181 531 1231 vocant
550 1190 604 1248 per
622 1173 751 1247 carmina
771 1172 854 1244 laeta,
875 1171 985 1261 tibique

173 1259 272 1320 oscilla
293 1279 329 1319 ex
351 1261 408 1319 alta
428 1261 611 1339 suspendunt
631 1241 731 1320 mollia
751 1263 852 1338 pinu·

173 1347 253 1407 Hinc
274 1349 371 1408 omnis
390 1349 473 1425 largo
494 1346 642 1425 pubescit
645 1351 730 1407 vinea
750 1342 866 1421 [etp.

172 1436 356 1513 complentur
375 1437 521 1513 vallesque
542 1455 629 1496 cavae
649 1438 796 1513 saltusque
816 1435 953 1514 profundi

172 1534 201 1583 et
221 1543 406 1602 quocumque
426 1525 499 1584 deus
519 1525 628 1584 circum
650 1537 737 1602 caput
758 1526 818 1602 egit
838 1525 1004 1585 honestum.

171 1613 253 1691 Ergo
274 1615 327 1673 rite
347 1632 432 1673 suum
453 1613 570 1673 Baccho
591 1615 721 1674 dicemus
740 1613 884 1674 honorem

171 1703 347 1762 carminibus
368 1704 474 1780 patriis,
496 1704 653 1779 lancesque
674 1713 702 1761 et
722 1703 780 1762 liba
799 1703 933 1774 feremus,

171 1801 200 1850 et
221 1791 325 1851 ductus
346 1810 437 1851 comu
457 1794 543 1851 stabit
563 1809 645 1851 sacer
664 1792 762 1874 hirqus
783 1792 822 1851 ad
842 1808 930 1862 aram,
1167 1815 1215 1866 395

171 1881 347 1958 pinguiaque
367 1881 398 1937 in
419 1882 533 1940 veribus
553 1881 727 1940 torrebimus
749 1890 816 1938 exta
838 1879 973 1939 columis.

211 1967 265 2026 Est
286 1969 372 2027 etiam
391 1968 437 2026 ille
457 1968 540 2027 labor'
562 1969 697 2028 curandis
717 1968 822 2026 vitibus
843 1968 923 2038 alter,

171 2058 218 2116 cui
239 2076 398 2134 numquam
419 2059 549 2118 exhausti
570 2059 638 2119 satis
659 2068 720 2117 est:
749 2076 878 2133 namque
899 2074 987 2114 omne
1009 2056 1164 2133 quotannis

171 2157 271 2223 terque
291 2157 449 2225 quaterque
470 2148 565 2206 solum
586 2147 779 2207 scindendum
798 2147 960 2223 glaebaque
980 2145 1069 2204 versis

170 2245 320 2295 aeternum
340 2235 499 2312 frangenda
519 2236 692 2309 bidentibus,
714 2255 803 2296 omne
823 2234 979 2295 levandum
1165 2258 1239 2309 400.

170 2325 274 2386 fronde
294 2345 407 2387 nemus.
450 2326 539 2386 Redit
559 2327 692 2402 agricolis
711 2327 803 2386 labor·
815 2337 896 2386 aetus
916 2326 946 2384 in
967 2326 1089 2398 orbem,
1116 2313 1322 2416 Μάνη

169 2428 257 2495 atque
276 2418 308 2476 in
328 2437 360 2477 se
380 2436 433 2477 sua
453 2436 505 2494 per
524 2419 645 2495 vestigia
664 2417 785 2476 volvitur
805 2435 908 2476 annus.

169 2509 215 2567 Ac
235 2509 294 2567 iarn
315 2508 392 2579 olim,
415 2526 494 2567 seras
514 2508 613 2582 posuit
634 2525 702 2566 cum
723 2507 807 2566 vinea
826 2505 946 2564 frondes

144 2617 157 2639 ι
169 2595 289 2672 frigidus
310 2607 339 2654 et
359 2596 435 2655 silvis
455 2595 562 2672 Aquilo
584 2596 711 2655 decussit
730 2596 884 2666 honorem,

169 2685 227 2744 iam
248 2695 310 2743 tum
330 2703 397 2743 acer
420 2702 503 2743 ouras
524 2685 686 2744 venientem
708 2683 890 2765 extenditur
910 2701 1021 2743 annum
1132 2732 1133 2735 ,
1164 2706 1213 2756 405

169 2774 299 2846 rusticus,
320 2782 349 2832 et
369 2790 458 2832 curvo
479 2772 595 2831 Saturni
615 2774 702 2832 dente
722 2773 851 2831 relictam

168 2862 349 2938 persequitur
367 2861 455 2920 vitem
476 2861 630 2942 attoqdens
651 2861 791 2937 fingitque
811 2859 950 2936 putando.

169 2949 282 3010 Primus
302 2951 425 3008 humum
446 2948 546 3020 fodito,
568 2950 678 3026 primus
700 2949 819 3009 devecta
840 2959 967 3008 cremato
992 2921 1199 3036 ww'd‘
1253 2998 1266 3022 .,

168 3052 321 3114 sarmenta,
343 3052 372 3101 et
392 3041 482 3101 vallos
502 3041 613 3117 primus
634 3043 688 3101 sub
708 3051 785 3101 tecta
805 3041 926 3112 refert03
1004 3095 1011 3106 ,
1164 3038 1170 3045 ’

168 3143 332 3210 postremus
352 3134 461 3193 metito.
504 3133 555 3192 Bis
574 3133 680 3209 vitibus
699 3131 939 3209 ingruit'iimbra,

167 3221 212 3280 bis
233 3231 362 3297 segetem
382 3221 479 3279 densis
500 3221 650 3280 obducunt
671 3221 800 3279 sentibus
819 3221 925 3279 herbae
935 3239 946 3295 ;
1055 3270 1062 3281 .

168 3310 256 3368 dums
276 3319 396 3385 uterque
416 3308 661 3376 labor:llaudato
681 3310 811 3386 ingentia
830 3326 905 3379 rura,
919 3325 944 3340 ‘
965 3273 1119 3360 [Μ

167 3399 305 3474 exiguum
326 3395 433 3473 colito>
464 3397 611 3457 Necnon
632 3398 719 3456 etiam
739 3415 841 3474 aspera
861 3398 937 3456 rusci

166 3487 274 3545 vimina
293 3504 347 3563 per
366 3486 467 3545 silvam
487 3496 517 3546 et
537 3487 607 3563 ripis
627 3486 747 3545 fluvialis
767 3486 900 3545 harundo

166 3576 303 3648 caeditur,
324 3575 481 3652 incultique
502 3585 616 3654 exercet
637 3594 706 3635 cura
725 3576 825 3635 salicti

165 3664 229 3724 Iam
250 3664 362 3722 vinctae
381 3664 465 3736 vites,
486 3664 544 3722 iam
564 3664 668 3723 falcem
687 3665 804 3723 arbusta
823 3671 976 3740 reponunt,

165 3755 224 3812 iam
244 3752 323 3811 canit
343 3751 464 3812 effectos
483 3763 629 3813 extremus
650 3732 756 3812 vinitor
775 3763 878 3812 antes·
