2700 4214
114 176 117 181 ⁴
188 211 227 300 38
604 225 820 287 aucorrcA.

226 386 327 464 Incipe
347 386 512 448 Maenalios
533 407 657 461 mecum,
678 407 745 448 mea
765 383 844 461 tibia,
865 385 980 450 versus.

187 477 327 552 Saepibus
347 478 378 536 in
397 479 503 537 nostris
522 497 642 554 parvam
663 489 691 538 te
711 479 827 538 roscida
847 479 924 539 mala

187 564 259 644 (dux
278 585 335 642 ego
356 578 449 626 vester
469 565 562 646 eram)
581 568 639 627 vidi
660 586 728 626 cum
747 577 840 627 matre
860 567 1014 644 legentem.

186 654 266 712 Alter
286 657 324 713 ab
344 656 500 715 undecimo
521 667 583 715 tum
600 675 648 716 me
669 657 728 714 iam
749 666 900 733 acceperat
921 674 1065 744 annus;‚t

185 743 244 801 iam
264 743 379 820 fragiles
398 754 531 822 poteram
552 748 590 804 ab
610 755 686 804 terra
706 748 877 821 contingere
896 763 1004 806 ramos.

185 832 227 891 Ut
247 832 312 904 vidi,
334 843 364 891 ut
384 835 463 910 perii,
484 844 518 893 ut
536 853 584 894 me
605 835 699 904 malus
719 835 836 894 abstulit
854 838 950 894 errori

225 921 326 999 Incipe
347 923 512 983 Maenalios
530 943 656 996 mecum,
678 943 745 983 mea
764 925 843 997 tibia,
864 943 972 984 versus.

186 1010 274 1070 Nunc
296 1012 357 1071 scio
378 1013 454 1089 quid
469 1014 504 1072 sit
524 1014 624 1072 Amor.
666 1013 755 1072 Duris
776 1014 806 1070 in
826 1014 939 1072 cotibus
959 1013 1040 1072 illum

186 1110 236 1160 aut
256 1100 383 1161 Tmaros
403 1110 452 1166 aut
473 1101 619 1177 Rhodope
638 1112 688 1160 aut
709 1103 829 1160 extremi
850 1101 1044 1161 Garamantes

186 1207 242 1247 nec
262 1189 375 1265 generis
396 1191 487 1250 nostri
506 1209 629 1266 puerum
649 1209 704 1250 nec
721 1191 870 1266 sanguinis
891 1191 990 1251 edunt.
1013 1229 1016 1235 -

225 1277 326 1354 Incipe
347 1277 509 1339 Maenalios
530 1298 654 1352 mecum,
675 1298 742 1338 mea
762 1281 840 1350 tibia,
862 1298 969 1341 versus.

189 1365 298 1425 Saevus
317 1366 410 1425 Amor
430 1368 529 1427 docuit
548 1378 683 1428 natorum
703 1370 844 1444 sanguine
864 1378 989 1427 matrem

187 1457 400 1516 commaculare
420 1476 541 1531 manus3
571 1459 695 1537 crudelis
715 1469 747 1518 tu
767 1476 894 1535 quoque,
916 1468 1028 1518 matert

186 1544 310 1605 crudelis
330 1555 422 1604 mater
443 1548 545 1624 magis,
566 1566 605 1605 an
626 1565 697 1623 puer
716 1547 865 1623 improbus
886 1547 954 1605 illei

187 1633 337 1708 improbus
353 1635 399 1692 ille
419 1654 508 1711 puer;
537 1635 658 1695 crudelis
679 1645 710 1694 tu
731 1653 855 1713 quoque,
877 1644 977 1696 mater.

227 1722 330 1798 Incipe
350 1723 513 1783 Maenalios
533 1743 657 1796 mecum,
679 1743 745 1783 mea
765 1725 842 1796 tibia,
864 1742 971 1784 versus

187 1810 275 1870 Nunc
297 1822 325 1870 et
345 1830 415 1871 oves
434 1814 510 1873 ultro
531 1813 622 1889 fugiat
642 1814 736 1889 lupus,
757 1831 845 1871 aurea
866 1813 954 1872 durae

188 1899 265 1959 mala
285 1900 377 1959 ferant
398 1920 529 1978 quercus,
551 1901 679 1978 narcisso
700 1901 803 1960 floreat
823 1901 915 1974 alnus,

187 1990 307 2068 pinguia
327 1990 484 2053 corticibus
505 1991 609 2050 sudent
629 1990 734 2049 electra
755 1991 889 2067 myricae,

188 2088 297 2138 certent
317 2089 345 2138 et
366 2081 465 2156 cycnis
486 2080 591 2151 ululae,
613 2080 650 2138 sit
669 2079 788 2156 Tityrus
809 2077 954 2156 Orpheus,

188 2165 325 2243 Orpheus
344 2168 375 2226 in
395 2169 480 2239 silvis,
501 2168 576 2227 inter
598 2167 749 2245 delphinas
769 2167 869 2227 Arion

227 2256 329 2332 Incipe
350 2255 512 2316 Maenalios
534 2275 659 2328 mecum,
681 2275 748 2315 mea
769 2257 846 2328 tibia,
867 2273 975 2315 versus.

189 2343 298 2404 Omnia
317 2344 362 2404 vel
382 2345 510 2404 medium
530 2346 580 2404 liat
600 2364 687 2404 mare.
729 2345 832 2416 Vivite,
853 2344 958 2404 silvaez

84 2475 85 2479 ,
188 2451 326 2510 praeceps
346 2435 414 2493 ae'rii
435 2435 551 2510 specula
572 2434 617 2518 de
630 2435 737 2494 montis
757 2435 788 2493 in
808 2432 902 2493 undas

189 2521 314 2594 delerar;
343 2533 505 2581 extremum
525 2524 583 2582 hoc
604 2541 711 2582 munus
731 2522 879 2581 morientis
899 2521 1014 2580 habeto

228 2611 338 2670 Desine
358 2611 531 2684 Maenalios,
551 2612 610 2670 iam
631 2613 741 2682 desine,
762 2611 840 2682 tibia,
861 2609 1064 2697 versus'7<

229 2699 314 2759 Haec
334 2700 471 2760 Damon:
500 2719 560 2772 vos
583 2719 658 2778 quae
678 2699 860 2776 responderit
880 2698 1103 2774 Alphesiboeus,

190 2788 283 2861 dicite,
304 2787 448 2862 Pierides;
476 2807 539 2848 non
559 2789 658 2848 omnia
677 2805 835 2866 possumus
855 2804 967 2845 omnes.
1176 2793 1178 2799 ’

229 2876 268 2936 Α.
290 2877 386 2936 ‘Effer
406 2895 522 2953 aquam,
543 2888 572 2937 et
592 2878 673 2937 molli
694 2879 779 2953 cinge
800 2877 873 2936 haec
893 2875 993 2934 altaria
1013 2874 1091 2946 vitta,
1168 2926 1169 2930 ,

114 2956 116 2961 ’
189 2968 385 3042 verbenasque
406 2966 491 3024 adole
512 2967 635 3043 pingues
655 2977 685 3026 et
704 2966 834 3026 mascula
854 2975 927 3036 tura,

190 3057 322 3132 coniugis
341 3065 373 3114 ut
393 3056 515 3131 magicis
536 3074 624 3114 sanos
645 3065 769 3115 avertere
791 3055 879 3114 sacris

189 3145 321 3222 experiar
341 3162 459 3217 sensus;
488 3145 559 3203 nihil
580 3145 628 3204 hic
649 3145 704 3205 nisi
725 3145 854 3204 carmIna
874 3144 989 3202 desunt.

229 3235 334 3293 Ducite
356 3235 394 3292 ab
414 3236 485 3292 urbe
506 3234 635 3305 domum,
657 3252 724 3294 mea
745 3234 881 3303 carmina,
905 3232 1000 3291 ducite
1022 3227 1181 3305 Daphnim.

190 3325 328 3387 Carmina
346 3324 393 3392 ¹vel
413 3324 494 3382 caelo
515 3333 638 3400 possunt
659 3323 803 3381 deducere
824 3322 959 3395 Lunam;

190 3416 364 3477 carminibus
386 3413 471 3473 Circe
492 3414 589 3473 socios
610 3414 731 3471 mutavit
749 3411 828 3470 Ulixi
838 3431 847 3485 ;

190 3505 309 3580 frigidus
329 3504 359 3561 in
380 3503 468 3579 pratis
490 3501 635 3561 cantando
656 3501 796 3577 rumpitur
816 3502 929 3577 anguis.

230 3593 336 3651 Ducite
357 3594 395 3651 ab
414 3592 486 3650 urbe
507 3591 636 3662 domum,
658 3608 725 3648 mea
744 3591 880 3660 carmina,
903 3588 997 3648 ducite
1017 3585 1176 3664 Daphnim.

192 3681 291 3741 Terna
312 3682 362 3739 tibi
383 3681 456 3740 haec
476 3681 602 3757 primum
621 3678 723 3753 triplici
744 3677 853 3736 diversa
875 3677 972 3737 colore

178 3770 249 3827 Ir'cr'a
271 3770 432 3844 circumdo
457 3778 557 3848 terque
579 3766 651 3827 haec
673 3766 774 3827 altaria
794 3767 904 3825 clrcum
