2700 4214
485 246 614 303 LIBER
636 247 688 304 Ιν.
710 237 871 321 497-566.

157 432 284 490 namque
305 412 417 472 dabunt
436 411 551 471 veniam
572 411 654 482 votis,
675 410 789 486 irasque
809 409 963 468 remittent.

158 505 216 564 Sed
236 504 382 650 modppeqo
415 522 435 561 n
456 503 465 560 i
487 504 535 579 qui
557 503 601 572 sit,
622 502 702 578 prius
722 500 823 559 ordine
844 500 948 560 dicant.

157 593 303 666 Quattuor
487 591 623 650 raestanti
643 606 766 665 corpore
786 599 892 658 tauros,

156 683 206 759 qui
227 683 277 741 tibi
298 698 375 739 nunc
396 681 493 739 viridis
514 680 674 756 depascunt
695 696 810 737 summa
830 678 945 754 Lycaei,
984 714 1057 866 &SD

1155 787 1204 839 540

157 773 260 847 delige,
282 781 311 829 et
331 772 438 828 intacta
460 771 582 829 totidem
604 788 620 828 c
639 770 715 831 rvice
736 770 891 827 iuvencas:
909 743 982 832 hivi

157 861 302 934 Quattuor
322 860 367 919 his
388 878 451 919 aras
472 859 498 918 al
549 859 588 917 ad
750 858 869 916 dearum

157 943 308 1020 constitue,
330 959 359 1007 et
380 967 492 1008 sacrum
538 894 758 1024 ffidemitte
779 964 920 1018 cruorem,

157 1057 339 1116 corporaque
360 1040 423 1114 ipsa
444 1039 535 1096 boum
557 1036 698 1095 frondoso
720 1036 821 1094 desere
842 1036 918 1094 luco.

156 1129 227 1187 Post
248 1130 298 1186 ubi
320 1146 400 1186 nona
421 1145 490 1185 suos
512 1127 627 1185 Aurora
648 1125 808 1185 ostenderit
829 1135 939 1195 ortus·

156 1217 270 1276 inferias
293 1217 321 1276 O
357 1216 403 1275 hei
451 1216 555 1274 ethaea
576 1233 719 1291 papavera
739 1216 844 1284 mittes,

156 1317 185 1365 et
205 1304 317 1382 nigram
500 1322 537 1362 ov
586 1305 771 1381 ,lucumque
792 1304 917 1362 revises:

156 1388 311 1472 placatam'
322 1395 484 1471 Eurydicen
502 1323 592 1458 iffi
612 1395 785 1452 venerabere
805 1393 908 1452 caesa’

196 1484 287 1543 Haud
307 1502 406 1543 mora:
433 1484 580 1563 continuo,
602 1552 606 1558 Ι
627 1484 694 1541 atris
715 1492 869 1558 praecepta
889 1483 1005 1542 facessit
1015 1500 1024 1554 ;

156 1574 194 1632 ad
215 1573 333 1631 delubra
354 1571 439 1643 venit,
460 1545 761 1631 nihtisiii'ias‘ssxcitat
782 1590 854 1642 aras,

156 1673 291 1739 quattuor
312 1662 434 1720 eximios
454 1662 609 1737 praestanti
630 1678 753 1736 corpore
775 1671 873 1719 tauros

157 1752 235 1810 ducit
257 1761 285 1809 et
306 1752 412 1808 intacta
433 1750 554 1808 totidem
576 1750 686 1808 cervice
707 1750 852 1808 iuvencas

156 1840 227 1898 Post
248 1840 297 1897 ubi
318 1857 397 1897 nona
418 1856 487 1897 suos
508 1839 622 1896 Aurora
641 1838 793 1896 induxerat
814 1847 903 1908 ortus,

157 1929 272 1988 inferias
294 1927 403 2006 Orphei
425 1929 518 1999 mittit,
541 1927 697 2002 lucumque
719 1927 822 1986 revisit

157 2019 217 2077 Hic
238 2037 305 2077 vero
328 2019 453 2077 subitum
475 2035 508 2076 ac
530 2017 609 2075 dictu
629 2016 758 2074 mirabile
779 2025 942 2074 monstrum

158 2109 308 2183 aspiciunt,
328 2107 481 2183 liquefacta
501 2108 592 2165 boum
613 2124 665 2182 per
685 2107 796 2163 viscera
817 2114 879 2163 toto

158 2198 275 2256 stridere
295 2216 366 2274 apes
387 2206 468 2255 utero
490 2206 519 2255 et
540 2196 631 2272 ruptis
653 2194 789 2253 effervere
811 2195 909 2265 costis,

158 2289 373 2362 immensasque
395 2286 467 2343 trahi
488 2286 588 2357 nobee,
610 2285 726 2360 iamque
748 2285 850 2343 arbore
873 2301 989 2342 summa

158 2376 305 2434 confluere
325 2386 353 2434 et
373 2375 456 2433 lentis
477 2392 563 2432 uvam
584 2374 734 2432 demittere
756 2372 851 2431 ramis.

199 2465 283 2524 Haec
304 2483 390 2540 super
410 2480 545 2522 arvorum
566 2462 644 2522 cultu
666 2480 862 2538 pecorumque
884 2463 1025 2522 canebam

157 2564 187 2612 et
207 2572 294 2630 super
314 2554 472 2623 arboribus,
494 2552 601 2611 Caesar
622 2553 692 2611 dum
712 2569 836 2627 magnus
858 2550 895 2610 ad
916 2551 1006 2610 altum
1126 2545 1129 2553 ’
1153 2566 1202 2628 5⁶0

158 2643 288 2700 fulminat
309 2642 477 2719 Euphraten
499 2641 584 2710 bello,
606 2641 753 2716 victorque
775 2639 904 2698 volentes
996 2708 1005 2717 ¹

159 2751 211 2808 per
230 2733 356 2808 populos
377 2732 426 2790 dat
445 2732 515 2802 iura,
535 2731 669 2805 viamque
688 2728 808 2809 Q
827 2726 963 2806 Olympo.
983 2696 1094 2798 shut.
1116 2690 1274 2870 035³ss

158 2822 213 2880 Illo
233 2821 394 2897 Vergilium
414 2839 462 2878 me
483 2829 613 2895 tempore
634 2818 725 2877 dulcis
746 2818 840 2875 alebat

158 2911 341 2986 Parthenope
363 2910 463 2968 studiis
484 2908 636 2966 florentem
656 2905 792 2980 ignobilis
813 2908 863 2976 oti,

159 3001 286 3060 carmina
307 3001 357 3076 qui
377 2998 430 3056 lusi
451 3007 608 3073 pastorum,
629 2994 781 3070 audaxque
802 2995 923 3066 iuventa,
1152 3009 1198 3072 565

160 3089 267 3166 Tityre,
289 3101 317 3149 te
338 3089 452 3166 patulae
474 3087 565 3146 cecini
585 3087 640 3144 sub
660 3085 788 3162 tegmine
809 3083 875 3161 fagi.
