2706 4208
114 327 117 336 ,
167 257 208 316 24
586 244 800 301 aucorrcx.

162 405 292 482 quamvis
312 405 358 464 ille
380 407 469 482 niger,
492 408 623 482 quamvis
640 417 676 491 'tu
697 408 837 467 candidus
859 411 958 483 esses?

163 495 190 554 O
212 497 339 554 formose
360 515 439 573 puer,
464 498 585 554 nimium
607 516 644 556 ne
666 498 752 557 crede
773 499 878 571 colori;
938 514 941 523 ’

162 586 227 643 alba
247 586 365 660 ligustra
387 587 502 658 cadunt,
524 587 653 645 vaccinia
674 589 756 664 nigra
776 588 917 664 leguntur.

162 677 324 752 Despectus
345 675 396 735 tibi
417 695 490 748 sum,
512 696 568 736 nec
589 679 638 754 qui
659 679 713 736 sim
735 680 856 755 quaeris,
880 679 972 751 Alexi,

108 770 144 831 7,
162 787 250 846 quam
272 769 352 827 dives
373 770 494 844 pecoris,
517 770 592 826 nivei
613 787 702 846 quam
722 769 804 828 lactis
825 771 995 849 abundans:
1162 798 1164 806 ·
1182 797 1213 832 20

161 858 238 916 mille
259 854 344 916 mea'e
366 857 468 916 Siculis
485 868 584 917 errant
605 860 635 916 in
657 860 805 918 montibus
826 878 939 936 agnae;

161 949 206 1006 lac
226 948 298 1005 mihi
319 966 378 1006 non
401 958 509 1006 aestate
530 966 647 1017 novum,
670 966 731 1006 non
752 947 857 1024 frigore
879 951 957 1010 defit.

162 1036 266 1109 Cant0,
289 1055 363 1113 quae
385 1037 493 1108 solitus,
515 1039 540 1094 si
561 1037 678 1113 quando
700 1046 830 1096 armenta
849 1041 980 1113 vocabat,

161 1116 312 1202 Amphion
333 1126 473 1184 Dircaeus
494 1127 657 1184 in'Actaeo
678 1127 847 1187 Aracintho.

162 1215 226 1274 Nec
249 1233 313 1274 sum
334 1216 409 1274 adeo
430 1215 581 1274 informis:
610 1234 704 1292 nuper
724 1235 772 1274 me
793 1216 823 1274 in
843 1217 926 1276 litore
948 1218 1013 1289 vidi,
1181 1245 1210 1295 2⁵

105 1351 108 1355 ,
163 1303 239 1362 Cum
259 1304 406 1380 placidum
426 1305 519 1363 ventis
539 1314 626 1374 staret
647 1323 725 1363 mare
736 1325 744 1376 ;
773 1323 835 1363 non
853 1325 912 1382 ego
933 1307 1083 1383 Daphnim

162 1393 256 1476 iQe
277 1404 306 1452 te
326 1403 464 1464 metuam,
485 1394 509 1452 si
530 1412 690 1470 numquam
712 1393 782 1452 fallit
803 1395 910 1470 imago.

163 1482 191 1542 Ο
212 1492 324 1542 tantum
345 1483 431 1541 libeat
451 1501 568 1541 mecum
588 1483 640 1541 tibi
661 1483 777 1541 sordida
797 1503 863 1542 rura

162 1582 248 1648 atque
268 1571 391 1630 humiles
411 1572 539 1630 habitare
560 1591 648 1643 casas,
671 1582 698 1630 et
721 1573 809 1647 figere
829 1591 937 1643 cervoS,

162 1655 379 1736 haedorumque
400 1679 520 1736 gregem
540 1661 621 1719 viridi
642 1663 817 1736 compellere
837 1662 965 1722 hibiscol

162 1749 282 1808 Mecum
302 1768 361 1808 una
380 1751 411 1807 in
430 1750 509 1821 'silvis
528 1752 676 1809 imitabere
698 1751 779 1809 Pana
800 1752 948 1810 canendo:

162 1839 224 1896 Pan
245 1839 371 1915 primum
391 1839 530 1923 calamos,
541 1836 608 1898 'cera
629 1840 807 1915 coniungere
826 1839 923 1915 plures

162 1931 289 1999 instituit,
311 1929 374 1986 Pan·
395 1939 473 1988 curat
494 1948 565 1988 oves
586 1931 740 2005 oviumque
762 1930 925 2005 magistros

163 2018 227 2078 Nec
248 2030 277 2077 te
297 2019 443 2094 paeniteat
465 2015 577 2077 calamo
599 2019 710 2077 trivisse
731 2019 885 2077 labellum:
971 2007 973 2012 ’

163 2108 237 2168 haec
258 2109 360 2167 eadem
380 2119 411 2166 ut
432 2110 524 2180 sciret,
546 2109 616 2184 quid
638 2125 698 2165 non
720 2107 842 2166 faciebat
863 2109 1025 2184 Amyntas?

162 2198 216 2256 Est
236 2197 306 2254 mihi
328 2197 489 2273 disparibus
510 2207 622 2272 septem
644 2207 798 2272 compacta
819 2196 919 2254 cicutis
1045 2193 1047 2197 ’

163 2288 265 2358 fistula,
287 2287 447 2345 Damoetas
469 2287 549 2345 dono
569 2286 640 2343 mihi
662 2305 751 2362 quam
772 2285 851 2344 dedit
871 2285 941 2343 olim

164 2388 192 2435 et
213 2378 283 2435 dixit
303 2376 448 2435 moriens:
478 2376 551 2434 “Te
573 2394 651 2434 nunc
671 2376 758 2434 habet
779 2376 832 2434 ista
853 2374 1055 2434 secundum:''

163 2467 243 2524 Dixit
263 2462 438 2534 Damoetas
452 2463 552 2522 invidit
573 2464 673 2522 stultus
688 2465 846 2540 'Amyntas
888 2497 889 2501 =

164 2557 314 2633 Praeterea
335 2555 393 2612 duo
415 2572 471 2612 nec
492 2563 553 2611 tuta
573 2553 644 2610 mihi
665 2554 737 2612 valle
758 2553 863 2628 reperti

152 2638 295 2721 capreoli,
318 2643 424 2719 sparsis
445 2643 531 2701 etiam
553 2659 630 2700 nunc
652 2643 775 2718 pellibus
796 2641 880 2714 albo;

116 2806 119 2811 1
163 2735 231 2805 bina
253 2732 437 2805 die-,siccant
450 2732 511 2790 ovis
533 2732 639 2789 ubera:
669 2748 743 2807 quos
765 2730 816 2788 tibi
838 2749 929 2810 servo.

163 2823 227 2882 Iam
248 2822 359 2897 pridem
379 2839 397 2878 a
418 2838 466 2877 me
487 2819 551 2878 illos
572 2819 714 2877 abducere
736 2819 883 2895 Thestylis
904 2829 985 2893 orat3
1049 2814 1052 2818 ’
1150 2832 1156 2848 ’

166 2922 195 2972 et
214 2911 306 2981 faciet,
328 2910 468 2985 quoniam
488 2896 606 2977 sordent
627 2909 677 2966 tibi
698 2927 819 2967 munera
840 2919 945 2967 nostra.

164 3001 234 3059 Huc
255 2999 332 3068 ades,
354 3016 373 3056 o
394 2998 520 3056 formose
541 3015 629 3073 puer:
657 2998 708 3054 tibi
729 2996 786 3053 lilia
806 2997 899 3080 plenis
929 3000 931 3003 ’

164 3108 232 3149 ecce
252 3088 345 3146 ferunt
365 3087 521 3163 Nymphae
542 3086 659 3160 calathis
670 3105 678 3157 ;
706 3087 756 3143 tibi
778 3085 901 3143 candida
915 3085 1002 3161 'Nais

135 3245 138 3249 ,
163 3179 304 3257 pallentes
324 3177 413 3235 violas
434 3186 463 3234 et
483 3194 598 3235 summa
618 3193 762 3251 papavera
784 3193 913 3249 carpens,

163 3260 323 3328 narcissum
344 3278 373 3324 et
393 3266 495 3325 florem
515 3266 608 3338 iungit
628 3265 703 3322 bene
724 3263 828 3321 olentis
849 3263 961 3334 anethi3
1008 3285 1010 3288 ⁴

163 3369 224 3417 tum
246 3358 322 3416 casia
343 3368 429 3431 atque
449 3354 510 3412 aliis
531 3355 664 3411 intexens
685 3352 819 3410 suavibus
839 3352 935 3410 herbis

163 3447 261 3506 mollia
281 3445 387 3503 luteola
406 3444 500 3519 pingit
519 3443 647 3501 vaccinia
667 3442 748 3500 calta.

119 3513 231 3614 ”lpse
252 3553 308 3611 ego
329 3553 403 3592 cana
422 3533 518 3608 legam
538 3543 635 3591 tenera
655 3531 794 3606 lanugine
814 3530 890 3588 mala

164 3636 368 3699 castaneasque
389 3640 488 3691 nuces,
510 3639 576 3678 mea
596 3638 668 3696 quas
689 3618 841 3695 Amaryllis
863 3619 978 3676 amabat
985 3636 993 3688 ;

65 3765 68 3770 ,
164 3715 270 3774 addam
290 3729 373 3770 cerea
392 3727 501 3786 pruna:
530 3710 624 3767 honos
646 3708 697 3766 erit
718 3707 784 3766 huic
804 3725 922 3782 quoque
944 3721 1055 3780 pom03

166 3815 194 3862 et
212 3819 272 3872 vos,
293 3817 313 3857 0
333 3799 411 3870 lauri,
433 3816 550 3875 carpam
571 3808 655 3869 etto,
678 3797 810 3873 proxima
830 3806 932 3872 myrte,
