2706 4208
358 308 360 312 μ
431 234 591 298 ECLOGA
615 243 675 307 III.
699 244 855 320 93-3-IV.
877 248 930 320 55.

157 406 351 480 pacatumque
371 415 452 480 reget
472 403 570 483 patriis
591 406 739 467 virtutibus
760 411 869 467 orbern.

95 499 98 506 “
156 493 196 550 At
216 480 266 551 tibi
287 496 388 571 prima,
410 514 489 571 puer,
510 497 589 555 nullo
611 498 783 555 munuscula
803 498 881 556 cultu

157 593 284 641 errantes
304 585 426 650 hederas
447 587 556 663 passim
577 605 645 644 curn
666 588 787 644 baccare
809 587 891 645 tellus

156 671 304 747 mixtaque
325 675 433 731 ridenti
449 674 592 752 colocasia
613 675 714 733 fundet
734 675 867 734 acantho.

157 759 242 834 Ipsae
263 761 480 843 lacte-domum
502 764 625 821 referent
646 764 770 834 distenta
791 765 919 840 capellae

157 849 253 919 ubera,
276 868 330 908 nec
351 852 477 926 magnos
496 863 627 910 metuent
647 864 776 911 armenta
797 856 906 912 leones.

157 937 226 1012 Ipsa
247 939 297 997 tibi
318 940 443 1000 blandos
463 940 585 999 fundent
606 942 750 1018 cuna-bada
770 933 892 1001 flores?

98 1069 100 1074 -
157 1026 281 1087 Occidet
302 1038 330 1086 et
352 1047 480 1104 serpens,
502 1040 530 1087 et
551 1029 637 1088 fallax
658 1030 746 1089 herba
767 1032 871 1090 veneni

156 1116 288 1188 occidet;
316 1118 467 1194 Assyrium
487 1111 574 1192 vulgo
594 1130 728 1178 nascetur
748 1138 907 1178 amomum.

92 1276 93 1280 Ἰ
156 1205 197 1263 At
217 1206 302 1264 simul
323 1206 444 1265 heroum
464 1207 564 1266 laudes
585 1219 614 1266 et
635 1209 710 1268 facta
731 1210 858 1293 parentis
896 1240 899 1244 ·

157 1295 215 1352 iam
235 1295 331 1370 legere
352 1306 380 1354 et
401 1314 476 1374 quae
498 1297 534 1354 sit
554 1299 662 1374 poteris
684 1316 863 1375 cognoscere
885 1299 979 1368 virtus,
1026 1317 1030 1325 ·

156 1384 235 1442 molli
256 1385 394 1461 paulatim
414 1386 549 1444 flavescet
571 1405 692 1463 campus
714 1389 808 1460 arista,

144 1473 327 1550 =incultisque
347 1476 453 1533 rubens
475 1475 613 1550 pendebit
634 1477 762 1535 sentibus
782 1497 845 1548 uva,

144 1571 185 1640 'et
205 1563 295 1621 durae
316 1575 438 1638 quercus
459 1563 605 1622 sudabunt
624 1567 737 1624 roscida
758 1567 852 1625 mella.

155 1651 252 1710 Pauca
272 1661 371 1710 tamen
392 1655 532 1718 suberunt
552 1654 663 1730 priscae
684 1657 804 1731 vestigia
825 1655 940 1727 fraudis,

156 1759 231 1817 quae
252 1751 393 1817 temptare
414 1741 534 1800 Thetim
555 1745 672 1814 ratibus,
694 1762 769 1820 quae
790 1746 907 1820 cingere
928 1746 1018 1804 muris

155 1830 272 1906 oppida,
295 1848 375 1906 quae
391 1832 508 1890 iubeant
529 1833 620 1890 telluri
640 1833 780 1892 infindere
802 1833 907 1892 sulcos

155 1921 237 1978 Alter
255 1921 308 1979 erit
328 1930 391 1979 tum
412 1921 535 1998 Tiphys
557 1931 585 1981 et
606 1922 693 1980 altera
714 1941 789 1999 quae
809 1922 894 1981 vehat
914 1923 996 2000 Argo

156 1997 283 2069 delec'tos
303 1998 435 2082 heroas3'
456 2021 539 2070 erunt
559 2012 645 2070 etiam
666 2011 755 2071 altera
775 2011 858 2084 bella,

156 2107 243 2175 atque
264 2101 366 2158 iterum
387 2102 424 2160 ad
442 2100 564 2160 Troiam
585 2120 710 2178 magnus
730 2102 858 2160 mittetur
877 2100 1012 2160 Achilles.

156 2186 244 2259 Hinc,
265 2189 314 2247 ubi
334 2191 392 2248 iam
412 2191 526 2251 firmata
545 2191 637 2251 virum
658 2201 686 2251 te
708 2191 805 2250 fecerit
825 2201 912 2264 aetas,

156 2277 240 2363 cedet
260 2279 373 2355 etipse
394 2281 465 2338 mari
485 2291 591 2353 vector,
612 2299 667 2341 nec
688 2281 803 2341 nautica
819 2281 907 2356 pinus

113 2358 133 2442 i
156 2358 278 2425 mutabit
298 2385 427 2427 merces:
456 2372 552 2429 omnis
573 2370 643 2429 feret
663 2371 763 2428 omnia
782 2369 875 2428 tellus.

157 2454 228 2514 Non
248 2465 354 2515 rastros
375 2460 498 2535 patietur
518 2460 632 2530 humus,
653 2477 715 2517 non
734 2460 818 2517 vinea
838 2459 957 2530 falcem;

156 2547 291 2605 robustus
312 2564 429 2623 quoquc
449 2550 508 2610 iam
529 2549 617 2607 tauris
638 2549 706 2624 iuga
728 2548 819 2607 solvet
839 2558 932 2608 arator
939 2567 962 2622 3.

156 2653 212 2694 nec
231 2636 326 2694 varios
347 2636 438 2694 discet
459 2638 573 2696 mentiri
593 2636 660 2695 lana
681 2637 802 2707 colores,

157 2726 219 2801 ipse
240 2726 292 2784 sed
313 2725 344 2784 in
365 2727 453 2804 pratis
475 2727 548 2785 aries
568 2727 628 2784 iam
649 2745 736 2784 suave
757 2727 871 2785 rubenti

156 2816 274 2887 murice,
295 2815 354 2874 iarn
375 2834 480 2874 croceo
500 2816 622 2875 mutabit
644 2816 748 2875 vellera
767 2817 845 2888 luto;

158 2915 262 2980 sponte
283 2923 335 2964 sua
356 2906 468 2981 sandyx
489 2915 642 2982 pascentes
662 2907 763 2964 vestiet
784 2923 884 2982 agnos.

158 2994 260 3053 ‘Talia
281 2994 387 3053 saecla'
409 2996 468 3054 suis
488 2995 620 3054 dixerunt
642 2994 777 3054 ‘currite'
799 2994 870 3054 fusis

158 3084 317 3142 concordes
338 3084 431 3143 stabili
452 3083 576 3142 fatorum
597 3086 717 3143 numine
739 3083 855 3145 Parcae.
1038 3145 1040 3150 ,

90 3158 326 3250 ’”““Ἀςςῐεόετε
347 3192 366 3232 o
387 3191 521 3250 magnos,
545 3174 635 3232 aderit
654 3177 712 3235 iam
732 3186 856 3250 tempus,
878 3173 1016 3246 honores,

158 3282 225 3322 cara
244 3264 332 3322 deum
353 3263 477 3334 suboles
497 3279 639 3337 magnum
660 3261 739 3319 Iovis
758 3262 978 3321 incrementum.

157 3353 264 3445 Aspice
286 3371 418 3412 convexo
440 3361 591 3410 nutantem
611 3350 742 3426 pondere
762 3351 914 3422 mundum,
927 3351 989 3397 ¹¹¹*
1036 3394 1041 3399 .
1073 3332 1077 3357 ¹
1098 3336 1101 3341 ¹

158 3451 304 3519 terrasque
325 3452 491 3518 tractusque
512 3441 598 3499 maris
619 3440 790 3515 caelumque
809 3439 1006 3515 profundum:

157 3532 264 3607 aspice,
285 3541 406 3590 venturo
426 3531 566 3589 laetantur
585 3537 618 3586 ut
638 3528 739 3587 omnia
759 3528 864 3588 saeclo.

158 3619 187 3679 Ο
207 3620 279 3677 mihi
301 3631 362 3678 tam
382 3620 488 3697 longae
509 3627 627 3678 maneat
648 3635 715 3694 pars
735 3618 835 3676 ultima
854 3618 937 3689 vitae,

119 3764 122 3770 .
158 3710 273 3785 spiritus
293 3718 330 3778 et,
344 3718 485 3784 quantum
506 3718 550 3766 sat
570 3708 623 3767 erit
642 3717 693 3767 tua
714 3707 810 3766 dicere
829 3707 915 3778 facta,

157 3816 220 3859 nou
240 3814 289 3857 me
308 3797 487 3857 carminibus
504 3798 600 3857 vincat
620 3815 677 3857 nec
696 3796 841 3856 Thracius
861 3792 1046 3872 Orpheusl.
