2706 4208
175 218 217 301 58
592 230 812 286 oaororcA.

175 391 214 450 Di
234 394 326 469 patrii,
343 393 500 472 Indigetes,
521 403 550 453 et
572 393 697 452 Romule
717 393 866 469 Vestaque
887 402 987 463 mater,

175 500 251 558 quae
272 482 404 542 Tuscum
424 483 554 542 Tiberim
575 496 604 542 et
626 484 762 542 Romana
783 483 892 541 Palatia
912 499 1019 552 servas,

175 571 253 629 hunc
275 571 377 629 saltem
398 590 499 630 everso
520 573 653 631 iuvenem
674 590 840 631 succurrere
861 571 957 629 saeclo
1173 589 1222 638 500

175 679 213 719 ne
233 660 391 735 prohibete.
434 659 509 719 Satis
530 661 589 718 iam
609 662 723 737 pridem
744 661 887 738 sanguine
904 669 1004 717 nostro

175 749 413 808 Laomedonteae
434 750 539 808 luimus
560 751 684 826 periuria
705 750 822 820 Troiae,

175 838 234 895 iam
254 837 366 913 pridem
388 839 472 897 nobis
493 839 565 913 caeli
586 848 613 897 te
635 840 723 916 regia,
745 838 861 910 Caesar,

174 926 292 998 invidet,
312 938 399 1002 atque
420 928 572 985 hominum
593 929 720 1004 queritur
740 946 839 986 curare
860 927 1030 1003 triumphos,

85 1074 89 1084 ,
175 1018 284 1093 quippe
305 1017 355 1074 ubi
375 1015 420 1075 sas
440 1034 554 1075 versum
575 1027 663 1095 atque
683 1017 784 1076 nefas:
812 1027 856 1076 tot
876 1017 952 1075 bella
972 1034 1024 1093 per
1043 1013 1154 1084 orbem,
1171 1033 1218 1084 505

175 1116 234 1164 tam
254 1105 362 1164 multae
384 1105 525 1189 scelerum
545 1105 644 1177 facies,
665 1125 726 1165 non
747 1107 821 1166 ullus
842 1116 937 1165 aratro

175 1195 280 1272 dignus
300 1194 402 1265 honos,
424 1195 557 1272 squalent
577 1196 709 1255 abductis
730 1215 798 1254 arva
818 1196 938 1264 colonis,

175 1295 203 1342 et
223 1302 327 1342 curvae
347 1283 471 1360 rigidum
492 1283 580 1344 falces
602 1285 764 1344 conflantur
784 1287 815 1343 in
835 1303 944 1344 ensem.

175 1372 256 1431 Hinc
276 1382 374 1431 movet
394 1371 567 1449 Euphrates,
588 1373 665 1432 illinc
686 1373 844 1433 Germania
864 1374 988 1445 bellum3
1073 1436 1086 1451 ,

175 1463 285 1520 vicinae
306 1462 398 1538 ruptis
418 1462 492 1520 inter
513 1480 544 1520 se
565 1462 678 1538 legibus
698 1464 784 1523 urbes

174 1569 255 1609 arma
276 1550 384 1622 f3erunt
412 1551 501 1610 saevit
522 1560 584 1610 toto
606 1550 747 1610 Marsim
769 1570 813 1610 rus
833 1552 919 1610 orbe.

174 1651 261 1699 utcu
363 1641 476 1700 ceribus
497 1658 562 1699 sese
583 1640 709 1700 effudere
718 1567 990 1717 diiddffiffte'ff‘jw

142 1657 488 1832 Wfflpatia,
477 1740 506 1788 et
527 1729 629 1789 frustra
650 1728 806 1788 retinacula
826 1728 949 1787 tendens

173 1818 260 1878 fertur
280 1819 361 1896 equis
381 1819 489 1896 auriga,
510 1837 605 1897 neque
626 1818 706 1878 audit
726 1835 826 1878 currus
846 1816 983 1877 habenas.
