2700 4214
431 877 934 973 GEORGICA.

484 1155 630 1219 LIBER
659 1155 880 1222 TERTIUS.

109 1331 210 1407 Τιι
231 1350 355 1410 quoque,
376 1350 487 1408 magna
506 1332 598 1402 Pales,
622 1343 652 1392 et
672 1343 700 1393 te
721 1335 910 1415 memorande
932 1351 1071 1394 canemus

109 1464 112 1480 .
162 1422 264 1480 Pastor
283 1423 321 1481 ab
341 1421 518 1498 Amphryso,
539 1440 600 1494 vos,
622 1424 710 1483 silvae
730 1443 890 1529 amnesque
910 1424 1025 1501 Lycaei.
1070 1418 1081 1457 'l

161 1512 267 1662 Cemtera
282 1529 362 1617 uquae
382 1529 487 1571 vacuas
509 1513 669 1573 tenuissent
688 1515 816 1573 carmine
837 1524 957 1586 mentes

428 1612 491 1661 ata:
520 1604 585 1679 quis
606 1614 655 1663 aut
674 1605 837 1681 Eurysthea
856 1606 962 1665 durum

161 1702 210 1752 aut
243 1601 491 1750 Ηῖθῖξᾋὶοιι
491 1691 631 1753 Busiridis
652 1695 737 1753 aras?

161 1781 217 1842 Cui
237 1799 299 1839 non
320 1780 413 1838 dictus
435 1779 527 1856 Hylas
548 1799 621 1858 puer
642 1792 671 1840 et
691 1782 814 1843 Latonia
835 1785 927 1844 Delos

161 1870 407 1948 Hippodameque
428 1887 588 1946 umeroque
609 1871 715 1947 Pelops
736 1873 858 1949 insignis
879 1875 1001 1944 eburno,

113 1950 117 1963 ’
160 1978 227 2019 acer
246 1959 348 2035 equis?
389 1957 576 2036 Temptanda
595 1961 642 2017 via
663 1971 717 2031 est,
738 1981 797 2039 qua
816 1981 866 2020 me
887 1980 1005 2039 quoque
1026 1960 1138 2037 possim

161 2049 259 2108 tollere
280 2048 370 2106 humo
392 2047 539 2123 victorque
560 2049 652 2107 virum
673 2051 791 2108 volitare
812 2069 864 2126 per
884 2066 960 2109 ora.

160 2140 272 2199 Primus
293 2157 351 2215 ego
372 2138 403 2196 in
423 2138 545 2214 patriam
566 2158 690 2210 mecum,
711 2141 801 2200 modo
822 2141 881 2198 vita
901 2141 1032 2217 supersit,
1174 2164 1203 2197 ιο

13 2209 258 2297 ρῙιεβΛΑοιιιο
280 2228 394 2287 rediens
414 2227 558 2286 deducam
578 2230 683 2288 vertice
706 2229 824 2302 Musas;

160 2322 270 2398 primus
291 2319 447 2378 Idumaeas
468 2318 589 2378 referam
611 2320 670 2392 tibi,
693 2321 823 2392 Mantua,
844 2320 965 2397 palmas

160 2423 190 2472 et
209 2412 289 2471 viridi
311 2412 342 2468 in
364 2427 469 2486 campo
491 2409 632 2485 templum
653 2410 689 2468 de
710 2429 855 2470 marmore
877 2430 987 2488 ponam

161 2511 279 2577 propter
299 2516 415 2575 aquam,
436 2498 524 2558 tardis
545 2499 649 2575 ingens
669 2501 719 2558 ubi
740 2500 864 2559 flexibus
886 2510 961 2558 errat

160 2589 288 2648 Mincius
308 2598 336 2647 et
356 2597 454 2646 tenera
475 2589 615 2663 praetexit
635 2588 796 2647 harundine
818 2589 905 2666 ripas.

160 2677 197 2735 In
217 2677 315 2736 medio
336 2676 407 2734 mihi
429 2674 536 2761 Caesar
556 2677 609 2735 erit
629 2677 828 2754 templumque
849 2677 980 2737 tenebit:

160 2767 199 2825 illi
219 2766 310 2825 victor
329 2782 387 2841 ego
408 2773 437 2823 et
459 2765 550 2841 Tyrio
572 2777 747 2842 conspectus
768 2767 798 2825 in
819 2777 898 2826 ostro

161 2866 279 2920 centum
299 2854 488 2931 quadriiugos
508 2856 626 2930 agitabo
648 2854 685 2913 ad
706 2855 829 2914 flumina
849 2874 959 2915 currus.

161 2945 337 3049 Cunctg
258 2944 424 3023 amihiAl
379 2943 534 3091 1ιιιιιιιιιιιιι
555 2945 689 3022 linquens
709 2945 849 3022 lucosque
871 2945 986 3005 Moloc
937 2945 1040 3087 off
1053 2966 1061 3074 ι
1111 2944 1293 3092 ιίικα

161 3035 291 3094 cursibus
312 3041 377 3091 etc
379 2963 454 3091 o
474 3032 609 3091 decernet
631 3021 755 3093 Graecia
775 3008 1025 3098 caestu„b‹
1066 3024 1112 3065 mr

161 3124 229 3199 Ipse
250 3132 337 3198 caput
358 3132 460 3181 tonsae
482 3120 557 3180 foliis
578 3132 699 3181 ornatus
720 3123 812 3182 olivae
863 3157 864 3160 =
1190 3056 1348 3224 ow

162 3212 240 3270 dona
260 3210 360 3270 feram
402 3209 466 3267 lam
487 3228 566 3269 nunc
588 3211 744 3270 sollemnes
765 3212 870 3271 ducere
890 3229 1058 3313 pompas
1062 3193 1267 3273 ιιὊιιιὶὶιΟῆ

161 3301 199 3359 ad
221 3299 339 3358 delubra
360 3299 440 3356 iuvat
460 3316 621 3375 caesosque
641 3300 767 3358 videre'
759 3318 905 3372 ruvencoS,

160 3387 206 3446 vel
227 3406 333 3447 scaena
353 3397 385 3445 ut
406 3388 494 3446 versis
517 3389 647 3452 discet
668 3388 810 3447 frontibus
831 3398 921 3465 utque

161 3495 306 3553 purpurea
326 3476 427 3534 intexti
449 3475 553 3534 tollant
574 3454 684 3536 auae?
695 3476 834 3535 Britanni.
1016 3473 1022 3484 ’
1173 3500 1203 3549 25

162 3566 197 3624 In
219 3565 329 3625 foribus
350 3583 481 3642 pugnam
502 3584 539 3623 ex
560 3584 630 3625 auro
652 3565 803 3640 solidoque
824 3565 980 3642 elephanto

163 3653 364 3731 Gangaridum
384 3654 489 3713 faciam
509 3655 682 3729 victorisque
703 3672 784 3712 arma
805 3653 927 3726 Quirini,

151 3753 243 3817 atque
261 3744 313 3802 nie
335 3745 496 3804 undantem
518 3743 595 3804 bello
616 3758 814 3820 magnumque
835 3743 974 3802 fluentem

858 3942 888 3970 ’ἡ
