2706 4208
146 239 184 306 3²
231 183 234 189 ¹
506 270 508 275 ,
564 229 820 286 Buconica·
876 216 895 233 ’·

148 381 192 450 Sis
212 392 309 452 bonus
330 411 348 452 0
370 393 495 470 felixque
516 393 588 452 tuisl
617 413 655 452 en
677 403 811 470 quattuor
832 411 913 454 aras:

145 498 214 539 ecce
235 483 307 541 duas
328 484 387 554 tibi,
409 484 536 560 Daphni,
558 484 631 542 duas
652 484 751 543 altaria
771 484 901 542 Phoebo.

146 568 254 628 Pocula
274 572 344 629 bina
365 590 442 631 novo
464 575 628 649 spumantia
648 573 721 632 lacte
743 573 898 649 quotannis

145 668 327 735 craterasque
348 662 407 720 duo
428 671 551 719 statuam
571 661 621 720 tibi
642 662 758 738 pinguis
779 661 862 731 olivi;

145 757 174 804 et
190 739 284 806 'multo
306 749 336 806 in
357 751 457 827 primis
477 750 602 808 hilarans
623 750 755 809 convivia
776 750 902 819 Baccho,

145 845 213 895 ante
233 837 341 909 focum,
363 839 387 897 si
407 830 497 914 frigus
519 840 579 908 erit,
602 840 626 897 si
646 840 759 911 messis,
780 840 810 897 in
831 838 934 896 umbra
975 838 978 847 ’
1162 855 1193 907 70

145 925 212 982 vina
233 944 342 984 novum
362 926 483 985 fundam
505 927 622 986 calathis
643 927 759 986 Ariusia
779 937 886 986 nectar.

145 1012 312 1074 Cantabunt
332 1015 402 1073 mihi
423 1016 582 1075 Damoetas
602 1026 631 1075 et
651 1017 769 1093 Lyctius
790 1017 915 1092 Aeg0n3

145 1104 280 1163 saltantes
302 1105 419 1181 Satyros
439 1105 594 1163 imitabitur
614 1105 836 1181 Alphesiboeus.

146 1191 230 1251 Haec
246 1195 302 1272 tibi
324 1185 439 1270 semper
460 1204 553 1266 erunt,
575 1205 603 1252 et
624 1213 691 1252 curn
713 1194 865 1253 sollemnia
883 1202 951 1250 vota

144 1282 299 1359 reddemus
320 1282 473 1359 Nymphis,
494 1293 523 1342 et
544 1301 611 1341 cum
632 1283 816 1341 lustrabimus
837 1300 933 1358 agros.
1019 1304 1020 1310 ¹

144 1370 224 1429 Dum
245 1372 312 1447 iuga
332 1373 440 1430 montis
462 1390 539 1447 aper,
560 1371 663 1430 fluvios
686 1371 755 1429 dum
776 1372 864 1447 piscis
885 1368 1000 1434 amabit,

145 1459 272 1537 dumque
292 1461 393 1535 thymo
414 1471 569 1536 pascentur
588 1479 666 1537 apes,
688 1461 759 1519 dum
780 1478 844 1518 rore
865 1458 989 1528 cicadae,

67 1609 70 1616 ,
145 1567 259 1625 semper
279 1549 375 1608 honos
396 1568 563 1626 nomenque
584 1561 665 1607 tuum
687 1550 844 1625 laudesque
863 1548 1032 1606 manebunt.

144 1636 185 1695 Ut
205 1638 323 1697 Baccho
345 1638 507 1715 Cererique,
529 1639 581 1697 tibi
602 1638 643 1697 sic
665 1649 732 1695 vota
753 1637 909 1714 quotannis

144 1727 288 1804 agricolae
309 1727 431 1800 facient;
460 1728 612 1787 damnabis
633 1737 665 1786 tu
685 1746 803 1805 quoque
824 1727 905 1785 votis.
1157 1735 1189 1782 80

152 1870 158 1892 ,
183 1816 247 1875 Μο.
269 1816 353 1888 Quae
375 1817 435 1888 tibi,
457 1834 532 1893 quae
553 1816 601 1875 tali
622 1817 743 1874 reddam
763 1816 966 1891 procarmine
987 1815 1085 1874 dona?

144 1904 222 1964 Nam
244 1924 339 1982 neque
359 1925 407 1965 me
428 1916 541 1964 tanturn
563 1906 703 1964 venientis
723 1905 822 1964 sibilus
844 1904 944 1963 Austri

144 2013 199 2053 nec
220 2013 357 2071 percussa
377 1996 475 2054 iuvant
495 1995 585 2054 fluctu
605 2005 666 2053 tarn
686 1995 777 2065 litora,
798 2012 854 2053 nec
875 2011 950 2070 quae

144 2101 264 2143 saxosas
286 2085 359 2142 inter
380 2086 534 2143 decurrunt
554 2085 675 2142 flumina
694 2083 791 2142 valles

184 2172 244 2232 Me.
267 2173 333 2231 Hac
354 2182 459 2233 tenos
480 2174 573 2250 fragili
594 2174 768 2232 donabimus
788 2181 855 2231 ante
876 2171 976 2231 cicuta.
1159 2183 1213 2242 857

144 2261 228 2321 Haec
250 2281 304 2321 nos
327 2263 519 2323 ‘Formosum
540 2263 680 2340 Corydon
702 2264 820 2322 ardebat
841 2260 976 2332 Alexim‚'

113 2396 122 2421 ,l
143 2351 217 2411 haec
237 2353 341 2410 eadem
363 2352 461 2411 docuit
481 2354 597 2412 ‘cuium
617 2355 727 2430 pecus?
755 2370 803 2419 an,
815 2350 986 2410 Meliboeii’

98 2436 112 2503 κ’
183 2438 245 2498 Mo.
266 2442 307 2498 At
327 2450 358 2499 tu
379 2459 462 2499 sume
482 2442 600 2519 pedum,
623 2442 711 2518 quod,
733 2459 781 2499 me
802 2455 876 2499 cum
890 2458 978 2515 saepe
999 2447 1121 2515 rogaret,
1210 2516 1217 2523 ι

13 2526 33 2595 l
143 2546 205 2587 non
225 2527 289 2587 tulit
308 2530 471 2605 Antigenes
492 2528 533 2610 (et
554 2539 615 2590 erat
635 2541 704 2589 tunc
726 2531 831 2606 dignus
852 2529 963 2608 amari),

38 2666 41 2671 i
144 2616 304 2677 formosum
325 2620 443 2694 paribus
463 2615 656 2704 nodisa'tque
676 2639 751 2690 aere,
774 2617 918 2679 Menalca.
1158 2637 1191 2703 90

1004 2818 1023 2843 r.
1054 2819 1062 2830 .

962 2854 980 2891 ,i

511 2901 734 2968 octona
762 2903 823 2967 vr.
895 2983 896 2987 q

143 3063 242 3123 Prema
263 3061 415 3140 Syracosio
436 3064 555 3141 dignata
575 3075 620 3124 est
640 3064 738 3123 ludere
758 3082 842 3123 versu

143 3154 245 3212 nostra
263 3172 359 3230 neque
380 3155 492 3212 erubuit
514 3154 598 3212 silvas
619 3154 749 3213 habitare
771 3152 885 3211 Thalia.

144 3241 221 3302 Cum
242 3261 377 3301 canerem
397 3262 481 3319 reges
502 3252 531 3302 et
551 3243 671 3320 proelia,
693 3241 835 3318 Cynthius
856 3258 956 3300 aurem

143 3331 220 3389 vellit
239 3340 269 3390 et
289 3331 458 3390 admonuit:
491 3332 667 3402 ‘Pastorem
689 3332 798 3407 Tityre,
819 3331 944 3406 pingues

143 3439 263 3495 pascere
284 3430 398 3496 oportet
418 3439 496 3492 oves,
518 3422 675 3480 deductum
696 3421 791 3478 dicere
813 3416 949 3478 carmen!
1176 3440 1190 3489 5

144 3508 231 3567 Nunc
252 3528 309 3585 ego
331 3507 471 3587 (namque
492 3528 578 3584 super
599 3509 650 3567 tibi
671 3518 755 3567 erunt
775 3508 825 3583 qui
847 3507 942 3566 dicere
963 3505 1073 3572 laudes,
1107 3508 1111 3517 “

143 3599 230 3663 Vare,
253 3608 316 3656 tuas
338 3599 456 3674 cupiant
477 3607 506 3656 et
526 3598 616 3656 tristia
637 3598 764 3657 condere
784 3594 872 3675 bella)

144 3697 288 3764 agrestem
310 3688 388 3745 tenui
409 3687 571 3745 meditabor
591 3685 753 3743 harundine
773 3702 896 3744 musam.

145 3776 216 3834 Non
235 3776 343 3835 iniussa
363 3793 448 3836 cano.
490 3774 521 3834 Si
541 3775 605 3853 quis
626 3784 725 3836 tamen
744 3773 817 3833 haec
838 3790 965 3851 quoque,
986 3773 1010 3831 si
1031 3771 1097 3849 quis
